2774 4688
170 322 187 398 -’
258 331 344 426 276,
399 333 442 403 ll.
469 283 648 404 Visiones.
669 307 730 404 Ill.
747 345 780 413 2.
807 334 847 402 Β.
864 345 899 412 3.
919 357 950 402 c.
966 356 1008 426 γ.
1029 331 1122 434 Cap.
1141 343 1204 422 18,
1230 309 1264 412 4
1288 337 1323 412 5,

265 513 398 580 ciendos
419 515 679 604 seducendosque
698 516 772 580 usui
792 528 842 580 est
863 517 929 600 (17,
950 520 982 586 4·
1006 525 1055 591 ts,
1076 524 1110 588 9·
1133 510 1203 602 16).
1226 517 1263 582 ἐκ
1289 515 1345 600 τῆς

265 611 488 706 deuolueutob
505 618 785 694 multitudinem,
808 621 934 706 copiam
949 600 1013 698 (25
1031 616 1135 701 hebr.)
1155 619 1222 686 τοῦ
1244 613 1345 704 στρή-

265 731 346 781 νους
371 711 500 793 (propr.
523 707 691 783 hilaritas,
729 707 807 768 hinc
834 709 903 768 vita
931 706 1014 768 laeta
1041 715 1074 766 et
1093 705 1199 779 lauta.
1238 702 1345 765 luxus

264 793 290 856 i.
310 809 341 880 q.
363 783 488 880 τρυφή,
540 813 597 853 uae
620 792 815 872 significatio
838 793 1012 862 senioribus
1033 787 1163 852 Graecis
1184 786 1344 874 frequens

265 889 333 954 est,
354 873 395 939 cs.
417 813 555 940 Lobeclc‘
570 875 749 958 ad'l‘hryn.
768 898 803 962 p.
817 879 907 956 381.)
929 873 1094 940 luxuriae
1114 871 1189 960 ejus
1212 878 1238 936 i.
1256 895 1289 936 e.
1309 877 1345 935 ob

229 979 234 992 ‘
264 963 428 1026 luxuriam
449 957 519 1062 ejus
542 961 692 1042 multam,
713 969 901 1052 potentem,
923 981 1002 1050 quae
1022 961 1092 1022 sola
1105 960 1345 1047 'interpretatio

265 1051 366 1135 proba
387 1059 447 1111 est.

262 1233 266 1240 ·
292 1285 296 1297 .
350 1215 385 1306 b)
408 1241 440 1284 v.
460 1225 576 1292 4—20.
613 1215 746 1306 Excipit
766 1218 845 1280 haec
868 1214 931 1280 alia
951 1217 1102 1282 coelestis
1123 1239 1213 1294 vox,
1244 1213 1343 1278 Chri-

217 1345 222 1354 .
268 1303 391 1370 stianos
414 1327 456 1369 ex
478 1306 560 1368 Urbe
584 1317 670 1368 certo
697 1326 777 1368 mox
797 1303 968 1366 evertenda
988 1307 1080 1368 exire
1101 1297 1220 1400 jubens
1242 1323 1343 1382 ange-

265 1393 371 1478 lisque
392 1403 429 1454 ut
451 1385 568 1488 justam
589 1393 626 1452 ab
645 1390 730 1454 Urbe
749 1392 887 1476 poenam
908 1392 1039 1472 exigant
1058 1389 1216 1454 mandans
1235 1409 1272 1448 v.
1284 1394 1342 1458 4-

267 1485 305 1553 7,
328 1490 362 1538 ut
382 1475 441 1538 clei
463 1499 519 1540 seu
540 1479 649 1562 potius
671 1473 822 1540 Messr'oe
845 1475 899 1536 dei
924 1465 1116 1560 ovrdpduoo
1132 1469 1196 1551 los.
1220 1466 1240 1540 ὁ
1265 1465 1341 1545 λαός

266 1584 352 1648 μου
379 1577 412 1623 v'.
427 1567 476 1640 4.)
496 1584 609 1624 vocem
630 1562 685 1623 hic
706 1581 898 1640 cognoscam
922 1559 980 1622 sed
1001 1561 1111 1623 deince
1135 1581 1151 1620 s
1172 1559 1286 1621 oratio
1309 1561 1340 1619 in

266 1662 390 1730 poenae
409 1643 505 1744 hu'jus
520 1650 686 1710 atrocitate
705 1646 855 1731 luctuque
870 1643 945 1707 inde
964 1647 1092 1726 regibus
1112 1581 1242 1708 liemae
1257 1646 1340 1706 ‘sub-

263 1733 543 1828 Jectis·v.9.10.
570 1731 860 1818 mercatoribusque
888 1741 921 1792 et
946 1732 1053 1792 nautis
1085 1753 1128 1793 ex
1150 1753 1188 1793 ea
1212 1731 1337 1792 lucrum

265 1838 381 1896 urgens
414 1813 605 1882 facientibus
643 1838 676 1902 n.
697 1826 848 1890 11--19
879 1817 992 1878 oborto
1020 1814 1242 1880 describendis
1274 1827 1337 1878 tarn

228 1977 235 1986 .
264 1903 363 1982 longe
393 1906 606 1990 exspatiatur,
635 1915 672 1966 ut
703 1903 793 1963 vocis
813 1901 943 1962 divinae
963 1903 1129 1987 loquentis
1151 1901 1244 1964 fictio
1271 1897 1335 1962 iere

206 1999 212 2010 “
264 1989 463 2070 negligatur,
497 2012 576 2076 quae
604 1990 677 2076 ipsa
705 1987 864 2050 sermonis
892 1987 1109 2050 inconstantia
1134 1987 1172 2050 in
1205 1987 1334 2072 scriptis

253 2069 361 2168 liujus
388 2076 516 2153 generis
544 2075 733 2160 saepissime
763 2073 859 2134 obvia
888 2083 948 2134 est.
1001 2070 1213 2135 Getermune
1234 2075 1333 2134 mire·
1373 2111 1374 2126 .

263 2163 353 2236 mur,
392 2157 507 2224 Urbem
536 2155 626 2255 cujus
644 2159 787 2222 ·eversio
822 2177 917 2242 supra
942 2151 1008 2251 jam
1029 2160 1130 2224 semel
1151 2159 1331 2242 iterumque
1373 2147 1374 2222 l

215 2261 219 2280 ¹
262 2241 422 2329 descripta
443 2258 512 2317 est,
534 2247 589 2308 hic
608 2256 644 2308 ut
665 2239 885 2308 evertendum
906 2242 1056 2328 depingi,
1087 2256 1204 2312 vatem.
1220 2247 1279 2330 qui
1299 2245 1331 2304 in
1373 2239 1374 2306 i

261 2338 331 2390 toto
362 2351 459 2415 opere
478 2327 648 2416 futurum
677 2340 802 2391 tantum
822 2326 920 2390 Urbis
938 2331 1141 2398 eversionem
1163 2331 1334 2404 ominatur,

260 2415 426 2492 fictionem
448 2411 542 2478 facile
563 2428 686 2480 mutare
703 2416 851 2500 potuisse
863 2411 1036 2488 tenendum
1055 2427 1115 2476 est.
1129 2445 1173 2462 --
1204 2413 1252 2476 V.
1263 2423 1331 2483 4-7.

250 2495 340 2564 ,Cum
357 2502 439 2565 Urbi
461 2504 501 2564 ob
522 2503 677 2568 scelerum
693 2501 926 2564 immanitatem
942 2501 1103 2562 excidium
1116 2512 1239 2564 certum
1257 2521 1333 2585 pro·
1373 2497 1374 2566 l

229 2599 231 2602 '
260 2587 350 2646 xime
371 2587 538 2658 immineat
562 2610 595 2648 v.
614 2597 694 2662 5*7‚
725 2585 802 2648 deus
824 2607 856 2645 v.
876 2591 919 2654 4.·
929 2586 995 2672 piis
1018 2587 1103 2661 suis,
1134 2589 1190 2672 qui
1209 2582 1330 2648 Romae

208 2711 210 2722 ι
261 2684 431 2734 versentur
458 2674 608 2759 (quorum
630 2668 783 2771 jamtum
805 2672 931 2756 copiam
957 2673 1036 2733 satis
1056 2691 1206 2752 magnam
1229 2667 1331 2732 fuisse
1373 2719 1374 2728 2

242 2757 394 2846 scimus)
416 2757 609 2848 cultoribus,
630 2779 672 2822 ne
694 2770 727 2820 et
745 2759 810 2842 ipsi
832 2760 979 2822 insontes,
996 2778 1102 2842 poena
1125 2755 1204 2818 Urbi
1226 2757 1330 2817 debita
1373 2745 1374 2782 ¹

259 2842 454 2924 plectantur,
476 2845 552 2906 urbe
595 2845 661 2906 rius
682 2843 835 2908 excedere
855 2842 978 2917 velint,
1000 2843 1159 2904 acclamat.
1204 2841 1332 2903 Simili-

260 2938 310 2987 ter
325 2928 405 2990 olim
415 2927 543 2992 ludaeis
552 2869 753 3020 llirbylopem
773 2927 1028 2990 inhabitantibus
1049 2940 1086 2988 ut
1108 2949 1149 2990 ex
1169 2929 1251 2990 urbe
1274 2930 1330 2989 hac

260 3031 339 3075 mox
362 3011 560 3092 destruenda,
575 3015 763 3079 decederent
789 3015 994 3076 acclamatum
1023 3024 1089 3075 erat
1116 3012 1182 3076 Jes.
1205 3018 1259 3088 48,
1281 3024 1331 3084 20.

223 3157 225 3166 ,
259 3091 325 3158 Jer.
352 3105 405 3174 50,
432 3110 464 3168 8.
496 3107 549 3178 51,
578 3106 610 3170 6.
636 3111 668 3174 9.
698 3106 750 3172 45.
779 3113 810 3162 et
840 3097 966 3161 Lothus
999 3097 1138 3161 Sodoma
1170 3098 1331 3162 divinitus

260 3180 434 3246 evertenda
469 3185 651 3272 relinquere
690 3207 708 3248 a
740 3185 801 3248 deo
839 3183 1023 3246 admonitus
1059 3196 1128 3246 erat
1166 3181 1252 3246 Gen.
1285 3195 1331 3256 19.

259 3265 370 3330 Verba
391 3275 449 3336 ἵνα
470 3263 521 3356 req*
542 3283 602 3341 etc.
624 3270 701 3334 setis
723 3267 862 3332 dilucide
882 3279 1014 3332 notent:
1046 3290 1089 3330 ne
1109 3267 1235 3355 culpae
1259 3269 1331 3361 ejus

180 3437 184 3445 .
259 3361 424 3456 (diluenlo
445 3356 520 3460 ill,
546 3375 657 3466 Πθξᾮη
676 3372 817 3460 culpam
837 3373 935 3436 etiam
955 3384 1071 3436 notant
1089 3383 1259 3464 peccatum
1282 3397 1332 3437 se·

280 3463 415 3539 uentens
430 3471 462 3522 et
483 3485 622 3559 poenam
642 3462 753 3548 culpae
777 3458 843 3522 les.
864 3470 895 3535 5,
919 3469 969 3530 18.
991 3464 1045 3534 40,
1067 3465 1114 3538 2.)
1133 3457 1330 3547 participes

220 3477 359 3623 dotis
384 3541 573 3634 plagasque
603 3551 679 3634 ejus
703 3541 947 3631 plectemini.
987 3543 1073 3606 Male
1102 3547 1204 3632 igitur
1225 3557 1329 3608 totum
1373 3527 1374 3620 l

165 3645 171 3652 ·
257 3645 388 3690 versum
416 3631 461 3692 sic
490 3636 671 3720 explicant:
699 3630 804 3702 nolite
824 3629 1011 3714 exemplum
1032 3631 1214 3712 incolarum
1233 3629 1328 3692 Urbis
1373 3629 1374 3658 ¹

255 3709 433 3796 impiorum
454 3715 577 3782 imitari
595 3718 640 3784 n'e
657 3727 690 3780 et
711 3737 772 3790 vos
790 3715 952 3778 similibus
972 3715 1078 3800 plagis
1090 3715 1327 3818 percutiamini.
1373 3699 1374 3778 l

255 3827 299 3841 ···
321 3795 366 3860 V.
383 3809 414 3880 5.
452 3801 532 3867 Nam
559 3815 686 3891 peccata
711 3800 802 3878 Urbis
829 3789 1165 3890 iacllrldqouudqor
1186 3803 1250 3868 coci
1274 3792 1326 3866 od-
1373 3785 1374 3870 l

257 3881 374 3966 auroli.
389 3881 624 3957 adhaeserunt
656 3881 774 3971 (urbi,
811 3887 1089 3971 perveniuntque)
1121 3883 1172 3960 qd
1200 3883 1326 3948 coelum
1373 3885 1374 3956 ξ

141 4007 146 4014 ·
256 3986 382 4056 ᾳθᾳαες
408 3992 487 4067 quae
508 3987 616 4040 temen
631 3975 859 4058 interpretatio
883 3969 1156 4038 admodumdura
1176 3983 1244 4048 est,
1268 3992 1325 4056 po·
1373 3971 1374 4034 i

254 4069 382 4158 tiaeque
396 4075 539 4142 ¹uidetur
554 4068 738 4147 'mittitur
764 4077 882 4144 hic-ex
902 4077 994 4138 hebr.
1027 4073 1107 4162 [22]
1131 4075 1323 4152 (adhaerere,

117 4163 124 4182 ¹
249 4155 455 4243 Pttlt'tlgere
480 4163 530 4230 od
549 4165 694 4244 'lcitum
717 4170 768 4239 16.
799 4160 955 4282 Gen-19,
978 4171 1030 4238 19.
1059 4165 1106 4227 sic
1137 4163 1322 4230 κολλᾶσθαι

1373 4245 1374 4274 l

475 4323 519 4358 «η
