2840 4690
135 293 138 312 ⁸
234 328 325 404 ⁸¹44
447 307 545 387 Ἠ.
572 287 747 392 Visiones.
819 331 852 402 2·
873 311 1109 436 0111517·Ιῇ

222 523 427 616 &ptr-tw}
453 521 552 586 fluxit
583 517 767 586 cs.·LXX.
797 521 877 586 Lev.
893 532 949 600 Ι27,
971 535 1021 596 12.
1042 505 1226 607 etgramm.
1246 517 1329 588 'tritt

173 688 176 693 ,
245 617 337 677 hebr.
358 633 391 696 p.
407 613 502 683 619.)
532 605 625 668 inter
648 606 811 672 toronum
834 607 995 672 divinum
1014 622 1151 696 quatuor
1171 614 1326 673 animan·-

245 703 332 762 tibus
354 695 504 782 proxime
526 693 664 754 cinctum
684 689 724 754 cf.
745 701 848 778 p.137
867 713 915 780 sq.
938 703 972 756 et
987 691 1228 781 presbyteros,
1246 698 1326 756 ioco

247 787 350 866 igitur
377 774 586 860 dignissimo,
625 799 720 863 quem
739 777 875 840 Messias
898 779 958 842 deo
1003 781 1148 843 toximus
1170 792 1203 843 et
1224 801 1325 865 pres-

246 868 370 951 byteris
390 867 494 928 inulto
518 865 665 948 superior
685 877 795 926 tenere
816 866 931 949 possit.
973 801 1066 951 iique
1082 865 1236 942 Messias,
1257 887 1327 928 no-

247 957 337 1020 mine
357 954 475 1014 iterum
495 949 630 1034 proprio
648 951 788 1025 omisso,
810 953 852 1012 iis
872 951 927 1028 hic
948 948 1327 1036 describiturpraedice-

151 1042 153 1051 '
248 1045 310 1116 tis,
343 1057 422 1125 quae
444 1048 649 1124 quaecuuque·
666 1048 699 1098 et
719 1037 819 1098 homo
841 1037 877 1096 in
899 1027 1069 1098 botninom
1089 1039 1325 1120 gratiamper-

249 1145 361 1214 pessus
388 1133 439 1184 est
470 1131 503 1184 et
529 1119 661 1184 divinae
689 1133 820 1184 naturae
844 1115 1013 1206 ‘particeps
1046 1142 1169 1187 summa
1196 1119 1326 1184 efficere

250 1213 356 1288 vaiet,
384 1201 520 1298 junctim
546 1223 609 1267 una
636 1206 776 1288 imagine
798 1208 955 1286 signantia
975 1207 1038 1268 hoe
1058 1207 1130 1269 loco
1152 1208 1325 1292 aptissima

249 1298 346 1360 dicas.
388 1287 535 1380 Apparet
555 1289 642 1353 enim
663 1289 753 1376 ogni
773 1291 929 1372 imagine,
979 1291 1013 1352 ui
1032 1298 1207 1354 atrectatus
1225 1291 1325 1353 vitle-

249 1387 341 1447 batur
363 1373 420 1456 (ὥς
440 1399 508 1442 non
531 1387 581 1438 est
601 1371 676 1459 Ces
688 1374 868 1448 veritatis,
890 1309 977 1462 quoii
998 1378 1136 1440 omnino
1152 1373 1325 1458 nibiliest

248 1461 306 1556 (cf.
329 1488 376 1546 gr.
397 1465 467 1526 crit.
488 1463 578 1524 hebr.
599 1481 632 1546 p.
648 1457 818 1547 614'sq2),
859 1463 916 1523 sed
949 1463 1088 1542 genuina
1119 1483 1175 1537 sua
1204 1453 1325 1544 gaudet

247 1553 404 1618 notione:
427 1556 468 1609 ut
488 1557 641 1611 anastatus
661 1547 732 1607 ie.
751 1557 920 1624 innotatus,
941 1541 1171 1623 ut'videbatur,
1190 1555 1228 1608 ut
1243 1569 1324 1632 spe-

249 1642 314 1702 cies
345 1632 483 1708 ferebat,
515 1635 645 1695 mactati
672 1634 811 1718 vestigia
834 1627 961 1710 ferens,
997 1644 1031 1694 ut
1051 1635 1204 1722 probatur
1221 1636 1324 1696 etiam

249 1746 293 1789 ex
320 1723 394 1784 loco
423 1719 593 1780 simillimo
624 1727 673 1793 13,
693 1727 724 1788 3.
746 1717 785 1780 de
810 1716 944 1784 Nerone,
957 1720 1041 1781 caesi
1055 1719 1150 1800 signa
1171 1711 1323 1802 ferente),

249 1802 330 1898 quae
350 1808 475 1893 pictura
495 1803 646 1866 Messinm
665 1805 776 1866 innuit
795 1803 871 1882 agni
886 1804 991 1866 instar
1010 1804 1145 1866 sacrifici
1160 1804 1325 1864 mansueti

248 1909 283 1960 et
312 1891 453 1955 insontis
483 1889 632 1952 trucidati
663 1899 701 1949 ut
730 1891 857 1968 generis
889 1889 1023 1951 humani
1048 1881 1117 1986 jam
1144 1899 1324 1950 monstrata

248 1979 382 2044 virtutis
402 1986 435 2040 et
457 1975 570 2048 salutis
591 1976 645 2036 vie
666 1973 781 2037 beandi
805 1985 838 2036 et
859 1976 996 2058 peccatis
1004 1971 1167 2056 ,liberandi
1185 1974 1323 2036 crimina
1371 2021 1377 2038 .
1414 2037 1415 2040 ,

248 2069 343 2154 prius
363 2083 404 2126 ex
425 2061 606 2140 ignorantia
629 2061 724 2121 stulta
744 2060 913 2122 commissa
940 2060 1065 2146 lueret3
1103 2081 1165 2146 quo
1185 2061 1324 2134 nomine
1414 2045 1415 2062 ¹

248 2175 292 2216 ex
313 2150 377 2216 Jes
390 2158 443 2221 53,
465 2155 497 2216 7.
516 2148 631 2208 hausto
653 2145 777 2230 primus
798 2145 907 2206 Jesum
922 2133 1138 2226 insigniverat
1153 2135 1323 2208 Johaunes
1414 2169 1415 2178 ¹

236 2238 392 2324 ‘Baptista
416 2227 445 2318 1)
465 2230 543 2294 Joh.
566 2243 594 2306 1.
617 2239 669 2302 29·
691 2236 750 2313 36,
796 2231 958 2295 Summani
978 2229 1149 2292 deinde&
1169 2249 1246 2292 vere
1268 2229 1324 2290 di-

160 2323 162 2330 '
194 2333 196 2339 ’
248 2327 377 2400 vinam,
398 2337 492 2403 =quae
521 2315 659 2378 Messiae
687 2325 766 2392 est,
787 2315 964 2402 potentiam
988 2315 1206 2400 descripturus
1228 2327 1323 2378 vates

206 2430 208 2446 ¹
245 2431 333 2490 ⁴agno,
353 2403 429 2467 huic
450 2424 517 2464 non
538 2399 618 2478 duo,
655 2399 710 2462 sed
737 2409 866 2486 septem
894 2401 948 2462 dat
974 2417 1136 2472 cornua,
1155 2390 1325 2486 potentiae

248 2482 577 2576 anaximaepsignnm,
600 2498 637 2546 ut
658 2507 813 2546 cornuum
833 2481 899 2584 jam
920 2484 1003 2572 apud
1024 2487 1173 2571 antiquos
1191 2487 1323 2548 roboris

247 2579 366 2642 invicti
387 2575 560 2656 imaginem
581 2571 824 2656 depingentium
845 2578 893 2645 (ot
906 2569 1041 2648 Psi112,
1053 2581 1084 2643 9.
1109 2569 1323 2652 1Sa1n.2,',2.)

249 2675 381 2728 ornatus
391 2657 473 2746 apud
482 2657 618 2719 seriores
626 2655 802 2742 prophetas
811 2658 928 2720 belluis
945 2657 1196 2720 deturbomines
1206 2651 1323 2725 fortis,-

249 2753 351 2814 simos
367 2764 510 2834 quosque
526 2745 561 2805 in
577 2743 705 2803 visione
728 2744 928 2822 signantibus
943 2741 1025 2808 Dan.
1037 2752 1068 2820 8,
1080 2749 1102 2811 3
1115 2763 1162 2828 sq.
1178 2739 1323 2817 Eno.89,

248 2839 363 2908 12·24.
384 2828 543 2896 Atmulto
553 2829 648 2890 etiam
658 2827 971 2890 sublimiusemicant
983 2823 1226 2924 juxtesanctum
1235 2828 1323 2889 hunc

250 2921 375 3006 septem
402 2937 560 2978 cornuum
591 2934 761 2977 numerum
790 2911 888 2975 oculi.
902 2919 1046 2998 septem,
1081 2923 1118 2972 ut
1137 2911 1208 2995 ipse
1230 2923 1322 2973 vates

250 3004 428 3092 explicuit,
476 3001 649 3084 spirituum
683 3011 808 3082 septem
840 2998 1028 3060 divinorum
1059 2997 1214 3060 mundum
1243 3019 1323 3082 per·

249 3087 443 3163 meantium,
478 3085 608 3146 divinae
631 3085 741 3164 ‘igitur
773 3085 937 3168 potentiae
965 3084 1074 3146 omnia
1099 3081 1332 3168 'pervadentis'

248 3177 409 3250 tenentis,
431 3171 673 3258 perlustrantis,
705 3171 833 3248 signum
855 3189 872 3230 a
896 3167 956 3230 deo
979 3167 1018 3230 ad
1038 3167 1191 3230 Messium
1210 3181 1323 3244 trans-

205 3293 208 3296 ·
245 3264 350 3324 'latum
372 3261 488 3342 hicque
509 3253 592 3330 loci,
614 3256 695 3340 ipsis
718 3255 825 3314 verbis
846 3271 977 3339 prorsus
996 3254 1253 3328 consonantibus,
1277 3275 1320 3316 ex
1413 3327 1414 3334 ἵ

252 3347 350 3413 Zuch.
372 3351 401 3422 4,
424 3355 475 3412 10.
497 3341 697 3414 desurntom,
731 3335 771 3400 cf.
792 3359 889 3424 supra
910 3361 943 3424 p.
964 3349 1017 3412 89.
1080 3333 1173 3418 Quos
1195 3349 1320 3422 septem

124 3481 129 3493 .
182 3425 186 3434 ¹
235 3433 363 3502 ‘oculos
391 3426 550 3515 quomodo
583 3447 653 3487 cum
683 3435 807 3516 septem
834 3427 983 3486 cornibus
1011 3424 1047 3486 in
1077 3424 1217 3502 imagine
1238 3427 1320 3486 'beno

185 3557 189 3561 -
249 3517 434 3602 conspirent
444 3523 460 3588 ,“
477 3523 722 3584 utrumcornua
742 3521 832 3606 Juxta
853 3510 964 3576 oeulos
981 3506 1200 3594 prominuisse
1222 3508 1321 3587 (Dan.

166 3657 169 3662 t
250 3615 281 3681 8,
301 3603 347 3686 5.)
386 3621 426 3662 an
445 3597 555 3659 oculos
576 3618 730 3658 cornuum
750 3595 893 3679 apicibus
914 3596 1088 3680 impositos
1111 3593 1206 3680 (Dan.
1220 3604 1251 3670 7,
1274 3591 1321 3680 8.)

284 3771 316 3839 1)
333 3786 390 3822 non
408 3764 573 3836 Apostolus,
601 3775 632 3815 ut
656 3766 907 3833 (sustentemus
924 3780 1062 3832 magnum
1074 3764 1139 3816 inde
1157 3763 1192 3814 ad
1208 3761 1321 3830 Apoca-

319 3845 413 3908 lypsin
437 3849 463 3890 et
488 3837 663 3905 evangelium
690 3838 780 3888 eidem
806 3837 933 3902 apostolo
961 3834 1106 3886 tribuenda
1124 3847 1321 3902 argurueutum

319 3911 471 3979 redundare
497 3907 550 3961 sibi
575 3907 785 3976 perstradentes3
812 3918 950 3974 praeterea
976 3923 1075 3958 nomen
1095 3909 1105 3953 t
1125 3909 1190 3962 ἄμνδς
1210 3899 1321 3952 saturat

317 3985 392 4050 apud
418 3979 574 4033 iohannem
600 3977 679 4044 liapt.
706 3981 769 4029 satis
795 3977 933 4028 diuersum
957 3987 999 4027 est
1022 3995 1037 4028 a
1061 3989 1158 4027 nostro
1184 3980 1209 4024 τὸ
1236 3977 1320 4038 ἥρων.

317 4065 429 4122 totaque
455 4057 546 4118 imago
573 4055 645 4102 circa
672 4049 862 4115 apostolorum
888 4059 1012 4117 ternpore
1039 4045 1264 4116 frequentissime
1290 4053 1322 4100 in
1412 4091 1413 4108 ,

319 4142 373 4178 usu
391 4135 448 4177 orat
466 4121 503 4181 ci.
522 4121 622 4181 1Petr.
640 4130 665 4186 1,
683 4130 728 4184 19.
752 4119 814 4174 Act.
831 4123 857 4180 8,
875 4123 920 4178 32,
