<?xml version="1.0" encoding="UTF-8"?>
<!DOCTYPE html PUBLIC "-//W3C//DTD XHTML 1.0 Transitional//EN"
    "http://www.w3.org/TR/xhtml1/DTD/xhtml1-transitional.dtd">
<html xmlns="http://www.w3.org/1999/xhtml" xml:lang="en" lang="en">
 <head>
  <title>
</title>
<meta http-equiv="Content-Type" content="text/html;charset=utf-8" />
  <meta name='ocr-system' content='tesseract 3.04.00' />
  <meta name='ocr-capabilities' content='ocr_page ocr_carea ocr_par ocr_line ocrx_word'/>
</head>
<body>
  <div class='ocr_page' id='page_1' title='image "./commentariusina01ewalgoog_0033.png"; bbox 0 0 2848 4682; ppageno 0'>
   <div class='ocr_carea' id='block_1_1' title="bbox 117 255 1237 391">
    <p class='ocr_par' dir='ltr' id='par_1_1' title="bbox 117 255 1237 391">
     <span class='ocr_line' id='line_1_1' title="bbox 117 255 1237 391; baseline -0.002 -55"><span class='ocrx_word' id='word_1_1' title='bbox 117 312 125 346; x_wconf 90' lang='lat'>:</span> <span class='ocrx_word' id='word_1_2' title='bbox 217 279 268 348; x_wconf 78' lang='lat'>24</span> <span class='ocrx_word' id='word_1_3' title='bbox 317 263 375 338; x_wconf 92' lang='lat' dir='ltr'>De</span> <span class='ocrx_word' id='word_1_4' title='bbox 398 263 482 336; x_wconf 83' lang='lat' dir='ltr'><strong>libri</strong></span> <span class='ocrx_word' id='word_1_5' title='bbox 503 263 665 360; x_wconf 83' lang='lat' dir='ltr'>partibus</span> <span class='ocrx_word' id='word_1_6' title='bbox 691 287 895 358; x_wconf 86' lang='lat' dir='ltr'>earumque·</span> <span class='ocrx_word' id='word_1_7' title='bbox 913 286 1012 334; x_wconf 82' lang='lat' dir='ltr'>nexu</span> <span class='ocrx_word' id='word_1_8' title='bbox 1034 255 1237 391; x_wconf 66' lang='lat' dir='ltr'>artificioso.</span> 
     </span>
    </p>
   </div>
   <div class='ocr_carea' id='block_1_2' title="bbox 46 431 1289 536">
    <p class='ocr_par' dir='ltr' id='par_1_2' title="bbox 46 431 1289 536">
     <span class='ocr_line' id='line_1_2' title="bbox 46 431 1289 536; baseline -0.006 -19"><span class='ocrx_word' id='word_1_9' title='bbox 46 431 48 446; x_wconf 48' lang='lat'><strong>¹</strong></span> <span class='ocrx_word' id='word_1_10' title='bbox 106 466 109 472; x_wconf 83' lang='lat'>&#39;</span> <span class='ocrx_word' id='word_1_11' title='bbox 191 451 261 530; x_wconf 72' lang='lat' dir='ltr'>gibi</span> <span class='ocrx_word' id='word_1_12' title='bbox 288 445 508 530; x_wconf 82' lang='lat' dir='ltr'>adamaverit,</span> <span class='ocrx_word' id='word_1_13' title='bbox 545 447 601 514; x_wconf 92' lang='lat' dir='ltr'>ubi</span> <span class='ocrx_word' id='word_1_14' title='bbox 637 447 798 536; x_wconf 81' lang='lat' dir='ltr'>expressis</span> <span class='ocrx_word' id='word_1_15' title='bbox 835 445 958 514; x_wconf 83' lang='lat' dir='ltr'>verbis</span> <span class='ocrx_word' id='word_1_16' title='bbox 981 457 1066 512; x_wconf 90' lang='lat' dir='ltr'>non&#39;</span> <span class='ocrx_word' id='word_1_17' title='bbox 1086 443 1289 533; x_wconf 87' lang='lat' dir='ltr'>significavit.</span> 
     </span>
    </p>
   </div>
   <div class='ocr_carea' id='block_1_3' title="bbox 122 545 1325 1792">
    <p class='ocr_par' dir='ltr' id='par_1_3' title="bbox 122 545 1325 1792">
     <span class='ocr_line' id='line_1_3' title="bbox 217 545 1288 640; baseline -0.007 -20"><span class='ocrx_word' id='word_1_18' title='bbox 217 555 332 620; x_wconf 86' lang='lat' dir='ltr'>Tertia</span> <span class='ocrx_word' id='word_1_19' title='bbox 376 555 541 620; x_wconf 87' lang='lat' dir='ltr'>visionum</span> <span class='ocrx_word' id='word_1_20' title='bbox 575 575 651 640; x_wconf 86' lang='lat' dir='ltr'>pars</span> <span class='ocrx_word' id='word_1_21' title='bbox 694 551 878 638; x_wconf 86' lang='lat' dir='ltr'>longissima</span> <span class='ocrx_word' id='word_1_22' title='bbox 915 545 951 616; x_wconf 87' lang='lat' dir='ltr'>in</span> <span class='ocrx_word' id='word_1_23' title='bbox 985 551 1125 638; x_wconf 87' lang='lat' dir='ltr'>singulas</span> <span class='ocrx_word' id='word_1_24' title='bbox 1169 549 1288 614; x_wconf 85' lang='lat' dir='ltr'>similes</span> 
     </span>
     <span class='ocr_line' id='line_1_4' title="bbox 154 654 1290 749; baseline -0.004 -25"><span class='ocrx_word' id='word_1_25' title='bbox 154 671 156 679; x_wconf 80' lang='grc'>’</span> <span class='ocrx_word' id='word_1_26' title='bbox 186 657 190 664; x_wconf 80' lang='grc'><strong>’</strong></span> <span class='ocrx_word' id='word_1_27' title='bbox 215 661 372 726; x_wconf 72' lang='lat' dir='ltr'><strong>sectiones</strong></span> <span class='ocrx_word' id='word_1_28' title='bbox 404 659 506 724; x_wconf 84' lang='lat' dir='ltr'>divisa</span> <span class='ocrx_word' id='word_1_29' title='bbox 540 669 606 738; x_wconf 73' lang='lat' dir='ltr'>est,</span> <span class='ocrx_word' id='word_1_30' title='bbox 644 657 833 744; x_wconf 82' lang='lat' dir='ltr'>priusquam</span> <span class='ocrx_word' id='word_1_31' title='bbox 865 679 883 718; x_wconf 90' lang='lat' dir='ltr'>a</span> <span class='ocrx_word' id='word_1_32' title='bbox 920 655 980 720; x_wconf 88' lang='lat' dir='ltr'>deo</span> <span class='ocrx_word' id='word_1_33' title='bbox 1016 658 1071 722; x_wconf 89' lang='lat' dir='ltr'>vel</span> <span class='ocrx_word' id='word_1_34' title='bbox 1102 654 1223 749; x_wconf 71' lang='lat' dir='ltr'>Mcs&#39;sia</span> <span class='ocrx_word' id='word_1_35' title='bbox 1252 655 1290 720; x_wconf 88' lang='lat' dir='ltr'>in</span> 
     </span>
     <span class='ocr_line' id='line_1_5' title="bbox 153 759 1289 857; baseline -0.006 -28"><span class='ocrx_word' id='word_1_36' title='bbox 153 837 160 844; x_wconf 42' lang='grc'><strong>,</strong></span> <span class='ocrx_word' id='word_1_37' title='bbox 215 761 464 854; x_wconf 66' lang='lat' dir='ltr'>christianorum</span> <span class='ocrx_word' id='word_1_38' title='bbox 496 762 644 828; x_wconf 86' lang='lat' dir='ltr'>favorem</span> <span class='ocrx_word' id='word_1_39' title='bbox 658 761 775 850; x_wconf 83' lang='lat' dir='ltr'>&#39;poena</span> <span class='ocrx_word' id='word_1_40' title='bbox 800 759 909 850; x_wconf 86' lang='lat' dir='ltr'>impiis</span> <span class='ocrx_word' id='word_1_41' title='bbox 926 763 1122 846; x_wconf 87' lang='lat' dir='ltr'>¹irrogatur,</span> <span class='ocrx_word' id='word_1_42' title='bbox 1158 779 1289 857; x_wconf 79' lang='lat' dir='ltr'>semper</span> 
     </span>
     <span class='ocr_line' id='line_1_6' title="bbox 215 862 1288 952; baseline -0.004 -22"><span class='ocrx_word' id='word_1_43' title='bbox 215 881 270 930; x_wconf 89' lang='lat' dir='ltr'>ant</span> <span class='ocrx_word' id='word_1_44' title='bbox 293 865 401 930; x_wconf 88' lang='lat' dir='ltr'>laudes</span> <span class='ocrx_word' id='word_1_45' title='bbox 422 865 484 952; x_wconf 76' lang='lat' dir='ltr'>det</span> <span class='ocrx_word' id='word_1_46' title='bbox 502 867 539 934; x_wconf 89' lang='lat' dir='ltr'>in</span> <span class='ocrx_word' id='word_1_47' title='bbox 566 867 656 932; x_wconf 89' lang='lat' dir='ltr'>coelo</span> <span class='ocrx_word' id='word_1_48' title='bbox 669 925 671 933; x_wconf 82' lang='grc'>,</span> <span class='ocrx_word' id='word_1_49' title='bbox 685 877 846 932; x_wconf 87' lang='lat' dir='ltr'>canuntur</span> <span class='ocrx_word' id='word_1_50' title='bbox 866 878 924 932; x_wconf 87' lang='lat' dir='ltr'>aut</span> <span class='ocrx_word' id='word_1_51' title='bbox 943 865 1046 950; x_wconf 88' lang='lat' dir='ltr'>justae</span> <span class='ocrx_word' id='word_1_52' title='bbox 1066 864 1132 928; x_wconf 86' lang='lat' dir='ltr'>irae</span> <span class='ocrx_word' id='word_1_53' title='bbox 1161 862 1288 928; x_wconf 83' lang='lat' dir='ltr'>divinae</span> 
     </span>
     <span class='ocr_line' id='line_1_7' title="bbox 216 961 1291 1060; baseline -0.004 -24"><span class='ocrx_word' id='word_1_54' title='bbox 216 973 308 1060; x_wconf 87' lang='lat' dir='ltr'>signa</span> <span class='ocrx_word' id='word_1_55' title='bbox 335 961 517 1058; x_wconf 81' lang='lat' dir='ltr'>prodeunt3</span> <span class='ocrx_word' id='word_1_56' title='bbox 549 982 601 1034; x_wconf 89' lang='lat' dir='ltr'>ter</span> <span class='ocrx_word' id='word_1_57' title='bbox 628 968 754 1034; x_wconf 82' lang='lat' dir='ltr'>tonitru</span> <span class='ocrx_word' id='word_1_58' title='bbox 776 970 827 1036; x_wconf 88' lang='lat' dir='ltr'>dci</span> <span class='ocrx_word' id='word_1_59' title='bbox 849 971 921 1038; x_wconf 90' lang='lat' dir='ltr'>irati</span> <span class='ocrx_word' id='word_1_60' title='bbox 943 973 1072 1038; x_wconf 90' lang='lat' dir='ltr'>intonat</span> <span class='ocrx_word' id='word_1_61' title='bbox 1090 972 1135 1054; x_wconf 82' lang='grc'>(4,</span> <span class='ocrx_word' id='word_1_62' title='bbox 1152 973 1187 1051; x_wconf 82' lang='lat'>5)</span> <span class='ocrx_word' id='word_1_63' title='bbox 1209 979 1241 1047; x_wconf 87' lang='grc'>8,</span> <span class='ocrx_word' id='word_1_64' title='bbox 1257 977 1291 1038; x_wconf 86' lang='grc'>5.</span> 
     </span>
     <span class='ocr_line' id='line_1_8' title="bbox 216 1068 1325 1162; baseline 0.003 -25"><span class='ocrx_word' id='word_1_65' title='bbox 216 1090 268 1156; x_wconf 85' lang='grc'>11,</span> <span class='ocrx_word' id='word_1_66' title='bbox 290 1089 341 1160; x_wconf 81' lang='lat'>19.</span> <span class='ocrx_word' id='word_1_67' title='bbox 369 1086 420 1154; x_wconf 84' lang='lat'>16,</span> <span class='ocrx_word' id='word_1_68' title='bbox 440 1088 499 1154; x_wconf 72' lang='lat'>185</span> <span class='ocrx_word' id='word_1_69' title='bbox 535 1084 586 1138; x_wconf 88' lang='lat' dir='ltr'>ter</span> <span class='ocrx_word' id='word_1_70' title='bbox 612 1068 722 1136; x_wconf 84' lang='lat' dir='ltr'>fumus</span> <span class='ocrx_word' id='word_1_71' title='bbox 749 1077 892 1142; x_wconf 89' lang='lat' dir='ltr'>ascendit</span> <span class='ocrx_word' id='word_1_72' title='bbox 920 1077 959 1148; x_wconf 85' lang='lat' dir='ltr'>ad</span> <span class='ocrx_word' id='word_1_73' title='bbox 987 1078 1070 1144; x_wconf 89' lang='lat' dir='ltr'>iram</span> <span class='ocrx_word' id='word_1_74' title='bbox 1091 1075 1143 1142; x_wconf 88' lang='lat' dir='ltr'>dei</span> <span class='ocrx_word' id='word_1_75' title='bbox 1163 1097 1291 1162; x_wconf 87' lang='lat' dir='ltr'>provo-</span> <span class='ocrx_word' id='word_1_76' title='bbox 1320 1087 1325 1103; x_wconf 83' lang='lat'><strong><em>¹</em></strong></span> 
     </span>
     <span class='ocr_line' id='line_1_9' title="bbox 162 1179 1289 1274; baseline 0.003 -28"><span class='ocrx_word' id='word_1_77' title='bbox 162 1259 164 1266; x_wconf 27' lang='grc' dir='ltr'>Ι</span> <span class='ocrx_word' id='word_1_78' title='bbox 216 1182 349 1248; x_wconf 84' lang='lat' dir='ltr'>caudam</span> <span class='ocrx_word' id='word_1_79' title='bbox 370 1193 408 1274; x_wconf 81' lang='grc' dir='ltr'>Ι5,</span> <span class='ocrx_word' id='word_1_80' title='bbox 428 1195 459 1263; x_wconf 83' lang='grc'>8,</span> <span class='ocrx_word' id='word_1_81' title='bbox 485 1193 516 1260; x_wconf 85' lang='grc'>8,</span> <span class='ocrx_word' id='word_1_82' title='bbox 533 1187 563 1250; x_wconf 85' lang='lat'>5.</span> <span class='ocrx_word' id='word_1_83' title='bbox 592 1185 642 1256; x_wconf 85' lang='lat'>15,</span> <span class='ocrx_word' id='word_1_84' title='bbox 660 1187 720 1256; x_wconf 82' lang='lat'>173</span> <span class='ocrx_word' id='word_1_85' title='bbox 751 1191 926 1265; x_wconf 79' lang='lat' dir='ltr'><strong>postquam</strong></span> <span class='ocrx_word' id='word_1_86' title='bbox 964 1179 1097 1246; x_wconf 89' lang='lat' dir='ltr'>ultimus</span> <span class='ocrx_word' id='word_1_87' title='bbox 1127 1179 1289 1249; x_wconf 81' lang='lat' dir='ltr'>vindictae</span> 
     </span>
     <span class='ocr_line' id='line_1_10' title="bbox 216 1275 1287 1373; baseline 0.002 -25"><span class='ocrx_word' id='word_1_88' title='bbox 216 1284 282 1349; x_wconf 86' lang='lat' dir='ltr'>dies</span> <span class='ocrx_word' id='word_1_89' title='bbox 303 1286 467 1373; x_wconf 89' lang='lat' dir='ltr'>apparuit,</span> <span class='ocrx_word' id='word_1_90' title='bbox 488 1297 545 1351; x_wconf 61' lang='lat' dir='ltr'>tar,</span> <span class='ocrx_word' id='word_1_91' title='bbox 560 1281 729 1372; x_wconf 74' lang='lat' dir='ltr'>coelicolae</span> <span class='ocrx_word' id='word_1_92' title='bbox 749 1275 847 1348; x_wconf 81' lang='lat' dir='ltr'>deum</span> <span class='ocrx_word' id='word_1_93' title='bbox 868 1284 1032 1352; x_wconf 86' lang='lat' dir='ltr'>celebrant</span> <span class='ocrx_word' id='word_1_94' title='bbox 1052 1296 1169 1363; x_wconf 83' lang='lat'><strong>11,17.</strong></span> <span class='ocrx_word' id='word_1_95' title='bbox 1193 1297 1243 1360; x_wconf 84' lang='lat'>15,</span> <span class='ocrx_word' id='word_1_96' title='bbox 1255 1298 1287 1358; x_wconf 88' lang='grc'>3.</span> 
     </span>
     <span class='ocr_line' id='line_1_11' title="bbox 171 1388 1290 1478; baseline 0.005 -30"><span class='ocrx_word' id='word_1_97' title='bbox 171 1441 174 1448; x_wconf 80' lang='grc'>,</span> <span class='ocrx_word' id='word_1_98' title='bbox 217 1400 317 1464; x_wconf 82' lang='grc'><strong>19,1,</strong></span> <span class='ocrx_word' id='word_1_99' title='bbox 348 1423 392 1440; x_wconf 91' lang='lat'>-</span> <span class='ocrx_word' id='word_1_100' title='bbox 444 1388 600 1454; x_wconf 89' lang='lat' dir='ltr'>Ceterum</span> <span class='ocrx_word' id='word_1_101' title='bbox 632 1389 668 1454; x_wconf 91' lang='lat' dir='ltr'>in</span> <span class='ocrx_word' id='word_1_102' title='bbox 700 1388 771 1478; x_wconf 86' lang='lat' dir='ltr'>ipso</span> <span class='ocrx_word' id='word_1_103' title='bbox 807 1390 971 1456; x_wconf 85' lang='lat' dir='ltr'>visionum</span> <span class='ocrx_word' id='word_1_104' title='bbox 1007 1389 1131 1456; x_wconf 88' lang='lat' dir='ltr'>ambitu</span> <span class='ocrx_word' id='word_1_105' title='bbox 1154 1412 1290 1476; x_wconf 68' lang='lat' dir='ltr'>‘cogno-</span> 
     </span>
     <span class='ocr_line' id='line_1_12' title="bbox 216 1493 1288 1572; baseline -0.001 -14"><span class='ocrx_word' id='word_1_106' title='bbox 216 1493 335 1572; x_wconf 76' lang='lat' dir='ltr'>scendo</span> <span class='ocrx_word' id='word_1_107' title='bbox 357 1503 499 1570; x_wconf 77' lang='lat' dir='ltr'>attentus</span> <span class='ocrx_word' id='word_1_108' title='bbox 518 1495 618 1568; x_wconf 85' lang='lat' dir='ltr'>lector</span> <span class='ocrx_word' id='word_1_109' title='bbox 647 1515 716 1558; x_wconf 91' lang='lat' dir='ltr'>non</span> <span class='ocrx_word' id='word_1_110' title='bbox 739 1494 833 1562; x_wconf 84' lang='lat' dir='ltr'>facile</span> <span class='ocrx_word' id='word_1_111' title='bbox 852 1507 947 1570; x_wconf 84' lang='lat' dir='ltr'>erret.</span> <span class='ocrx_word' id='word_1_112' title='bbox 999 1498 1090 1562; x_wconf 90' lang='lat' dir='ltr'>Nam</span> <span class='ocrx_word' id='word_1_113' title='bbox 1110 1508 1202 1562; x_wconf 82' lang='lat' dir='ltr'>vates</span> <span class='ocrx_word' id='word_1_114' title='bbox 1226 1517 1288 1558; x_wconf 86' lang='lat' dir='ltr'>no-</span> 
     </span>
     <span class='ocr_line' id='line_1_13' title="bbox 122 1587 1288 1688; baseline 0.002 -26"><span class='ocrx_word' id='word_1_115' title='bbox 122 1641 126 1646; x_wconf 90' lang='lat'>-</span> <span class='ocrx_word' id='word_1_116' title='bbox 175 1631 184 1640; x_wconf 84' lang='lat'><em>·</em></span> <span class='ocrx_word' id='word_1_117' title='bbox 215 1621 294 1670; x_wconf 87' lang='lat' dir='ltr'>vam</span> <span class='ocrx_word' id='word_1_118' title='bbox 321 1595 496 1679; x_wconf 85' lang='lat' dir='ltr'>visionem,</span> <span class='ocrx_word' id='word_1_119' title='bbox 528 1587 584 1666; x_wconf 87' lang='lat' dir='ltr'>ubi</span> <span class='ocrx_word' id='word_1_120' title='bbox 605 1621 673 1664; x_wconf 89' lang='lat' dir='ltr'>non</span> <span class='ocrx_word' id='word_1_121' title='bbox 693 1622 755 1688; x_wconf 89' lang='lat' dir='ltr'>per</span> <span class='ocrx_word' id='word_1_122' title='bbox 776 1621 811 1664; x_wconf 89' lang='lat' dir='ltr'>se</span> <span class='ocrx_word' id='word_1_123' title='bbox 831 1611 982 1687; x_wconf 87' lang='lat' dir='ltr'>apertum</span> <span class='ocrx_word' id='word_1_124' title='bbox 1001 1612 1099 1684; x_wconf 67' lang='lat' dir='ltr'>crat„</span> <span class='ocrx_word' id='word_1_125' title='bbox 1117 1600 1288 1688; x_wconf 84' lang='lat' dir='ltr'>phrasibus</span> 
     </span>
     <span class='ocr_line' id='line_1_14' title="bbox 216 1697 1289 1792; baseline -0.005 -22"><span class='ocrx_word' id='word_1_126' title='bbox 216 1705 274 1770; x_wconf 76' lang='lat' dir='ltr'>ael</span> <span class='ocrx_word' id='word_1_127' title='bbox 300 1703 406 1784; x_wconf 74' lang='grc' dir='ltr'><strong><em>εἶδον,</em></strong></span> <span class='ocrx_word' id='word_1_128' title='bbox 437 1697 532 1792; x_wconf 65' lang='grc' dir='ltr'>μετὰ</span> <span class='ocrx_word' id='word_1_129' title='bbox 550 1705 677 1785; x_wconf 66' lang='grc' dir='ltr'>ταῦτα,</span> <span class='ocrx_word' id='word_1_130' title='bbox 712 1715 853 1792; x_wconf 76' lang='grc' dir='ltr'><em>σημεῖον</em></span> <span class='ocrx_word' id='word_1_131' title='bbox 873 1698 976 1788; x_wconf 73' lang='grc' dir='ltr'>ὤφθη</span> <span class='ocrx_word' id='word_1_132' title='bbox 998 1717 1064 1768; x_wconf 84' lang='lat' dir='ltr'>tam</span> <span class='ocrx_word' id='word_1_133' title='bbox 1089 1703 1200 1770; x_wconf 90' lang='lat' dir='ltr'>sedulo</span> <span class='ocrx_word' id='word_1_134' title='bbox 1218 1704 1289 1790; x_wconf 87' lang='lat' dir='ltr'>ipse</span> 
     </span>
    </p>
   </div>
   <div class='ocr_carea' id='block_1_4' title="bbox 217 1806 1034 1960">
    <p class='ocr_par' dir='ltr' id='par_1_4' title="bbox 217 1806 1034 1960">
     <span class='ocr_line' id='line_1_15' title="bbox 217 1806 1034 1896; baseline 0.007 -26"><span class='ocrx_word' id='word_1_135' title='bbox 217 1807 376 1888; x_wconf 77' lang='lat' dir='ltr'>distinxit,</span> <span class='ocrx_word' id='word_1_136' title='bbox 404 1816 442 1870; x_wconf 91' lang='lat' dir='ltr'>ut</span> <span class='ocrx_word' id='word_1_137' title='bbox 464 1807 609 1874; x_wconf 83' lang='lat' dir='ltr'>cordatus</span> <span class='ocrx_word' id='word_1_138' title='bbox 628 1829 725 1888; x_wconf 83' lang='lat' dir='ltr'>nemo</span> <span class='ocrx_word' id='word_1_139' title='bbox 746 1806 903 1874; x_wconf 74' lang='lat' dir='ltr'>caecutire</span> <span class='ocrx_word' id='word_1_140' title='bbox 923 1808 1034 1896; x_wconf 85' lang='lat' dir='ltr'>possit.</span> 
     </span>
     <span class='ocr_line' id='line_1_16' title="bbox 428 1929 431 1960; baseline 0 0"><span class='ocrx_word' id='word_1_141' title='bbox 428 1929 431 1960; x_wconf 90' lang='lat' dir='ltr'>l</span> 
     </span>
    </p>
   </div>
   <div class='ocr_carea' id='block_1_5' title="bbox 637 2122 797 2226">
    <p class='ocr_par' dir='ltr' id='par_1_5' title="bbox 637 2122 797 2226">
     <span class='ocr_line' id='line_1_17' title="bbox 637 2122 797 2226; baseline 0 -70"><span class='ocrx_word' id='word_1_142' title='bbox 637 2122 797 2226; x_wconf 54' lang='grc' dir='ltr'>,Μ</span> 
     </span>
    </p>
   </div>
   <div class='ocr_carea' id='block_1_6' title="bbox 127 2275 1289 2352">
    <p class='ocr_par' dir='ltr' id='par_1_6' title="bbox 127 2275 1289 2352">
     <span class='ocr_line' id='line_1_18' title="bbox 127 2275 1289 2352; baseline 0.003 -23"><span class='ocrx_word' id='word_1_143' title='bbox 127 2296 134 2307; x_wconf 76' lang='lat'><strong><em>¹</em></strong></span> <span class='ocrx_word' id='word_1_144' title='bbox 215 2275 418 2346; x_wconf 81' lang='lat' dir='ltr'>Expenduntur</span> <span class='ocrx_word' id='word_1_145' title='bbox 443 2280 534 2330; x_wconf 79' lang='lat' dir='ltr'>variae</span> <span class='ocrx_word' id='word_1_146' title='bbox 557 2277 592 2330; x_wconf 85' lang='lat' dir='ltr'>da</span> <span class='ocrx_word' id='word_1_147' title='bbox 619 2290 784 2348; x_wconf 85' lang='lat' dir='ltr'>argumento</span> <span class='ocrx_word' id='word_1_148' title='bbox 809 2290 837 2333; x_wconf 86' lang='lat' dir='ltr'>et</span> <span class='ocrx_word' id='word_1_149' title='bbox 859 2283 1021 2352; x_wconf 82' lang='lat' dir='ltr'>integritate</span> <span class='ocrx_word' id='word_1_150' title='bbox 1046 2276 1113 2334; x_wconf 87' lang='lat' dir='ltr'>libri</span> <span class='ocrx_word' id='word_1_151' title='bbox 1133 2281 1289 2350; x_wconf 80' lang='lat' dir='ltr'>opiniones.</span> 
     </span>
    </p>
   </div>
   <div class='ocr_carea' id='block_1_7' title="bbox 135 2431 1412 3060">
    <p class='ocr_par' dir='ltr' id='par_1_7' title="bbox 135 2431 1412 3060">
     <span class='ocr_line' id='line_1_19' title="bbox 299 2431 1412 2538; baseline -0.001 -23"><span class='ocrx_word' id='word_1_152' title='bbox 299 2431 391 2516; x_wconf 35' lang='lat' dir='ltr'>&#39;Cum</span> <span class='ocrx_word' id='word_1_153' title='bbox 412 2447 561 2514; x_wconf 88' lang='lat' dir='ltr'>omnium</span> <span class='ocrx_word' id='word_1_154' title='bbox 583 2449 836 2536; x_wconf 88' lang='lat' dir='ltr'>prophetarum,</span> <span class='ocrx_word' id='word_1_155' title='bbox 866 2452 922 2537; x_wconf 91' lang='lat' dir='ltr'>qui</span> <span class='ocrx_word' id='word_1_156' title='bbox 939 2438 1135 2538; x_wconf 44' lang='lat' dir='ltr'>&#39;imaginibus</span> <span class='ocrx_word' id='word_1_157' title='bbox 1155 2449 1290 2536; x_wconf 85' lang='lat' dir='ltr'>cogitata</span> <span class='ocrx_word' id='word_1_158' title='bbox 1319 2455 1323 2460; x_wconf 83' lang='grc'><strong>“</strong></span> <span class='ocrx_word' id='word_1_159' title='bbox 1411 2435 1412 2438; x_wconf 24' lang='grc'><strong>“</strong></span> 
     </span>
     <span class='ocr_line' id='line_1_20' title="bbox 186 2544 1290 2641; baseline 0.004 -25"><span class='ocrx_word' id='word_1_160' title='bbox 186 2549 190 2562; x_wconf 79' lang='lat'><em>&#39;</em></span> <span class='ocrx_word' id='word_1_161' title='bbox 218 2550 324 2638; x_wconf 75' lang='lat' dir='ltr'>eloqui</span> <span class='ocrx_word' id='word_1_162' title='bbox 351 2553 502 2634; x_wconf 85' lang='lat' dir='ltr'>voluere,</span> <span class='ocrx_word' id='word_1_163' title='bbox 537 2544 762 2641; x_wconf 80' lang='lat' dir='ltr'>interpretatio</span> <span class='ocrx_word' id='word_1_164' title='bbox 789 2553 924 2622; x_wconf 90' lang='lat' dir='ltr'>difficilis</span> <span class='ocrx_word' id='word_1_165' title='bbox 945 2556 1017 2636; x_wconf 83' lang='lat' dir='ltr'>sit,</span> <span class='ocrx_word' id='word_1_166' title='bbox 1037 2566 1110 2618; x_wconf 91' lang='lat' dir='ltr'>tum</span> <span class='ocrx_word' id='word_1_167' title='bbox 1127 2545 1290 2640; x_wconf 81' lang='lat' dir='ltr'>imprimis</span> 
     </span>
     <span class='ocr_line' id='line_1_21' title="bbox 135 2657 1290 2744; baseline 0.003 -26"><span class='ocrx_word' id='word_1_168' title='bbox 135 2679 138 2686; x_wconf 59' lang='lat'><strong>⁴</strong></span> <span class='ocrx_word' id='word_1_169' title='bbox 216 2677 332 2718; x_wconf 89' lang='lat' dir='ltr'>eorum</span> <span class='ocrx_word' id='word_1_170' title='bbox 359 2669 425 2738; x_wconf 88' lang='lat' dir='ltr'>est,</span> <span class='ocrx_word' id='word_1_171' title='bbox 461 2657 577 2742; x_wconf 90' lang='lat' dir='ltr'>quibus</span> <span class='ocrx_word' id='word_1_172' title='bbox 604 2680 686 2744; x_wconf 90' lang='lat' dir='ltr'>quos</span> <span class='ocrx_word' id='word_1_173' title='bbox 719 2659 828 2724; x_wconf 88' lang='lat' dir='ltr'>hostes</span> <span class='ocrx_word' id='word_1_174' title='bbox 856 2660 1011 2738; x_wconf 79' lang='lat' dir='ltr'>innuant,</span> <span class='ocrx_word' id='word_1_175' title='bbox 1050 2669 1135 2722; x_wconf 88' lang='lat' dir='ltr'>tecte</span> <span class='ocrx_word' id='word_1_176' title='bbox 1161 2669 1290 2722; x_wconf 89' lang='lat' dir='ltr'>tantum</span> 
     </span>
     <span class='ocr_line' id='line_1_22' title="bbox 184 2753 1290 2852; baseline 0.005 -29"><span class='ocrx_word' id='word_1_177' title='bbox 184 2811 188 2830; x_wconf 85' lang='grc'>,</span> <span class='ocrx_word' id='word_1_178' title='bbox 215 2759 394 2845; x_wconf 81' lang='lat' dir='ltr'>significare</span> <span class='ocrx_word' id='word_1_179' title='bbox 413 2762 559 2848; x_wconf 79' lang='lat' dir='ltr'>placuit·</span> <span class='ocrx_word' id='word_1_180' title='bbox 590 2766 680 2852; x_wconf 83' lang='lat' dir='ltr'>Nam</span> <span class='ocrx_word' id='word_1_181' title='bbox 700 2765 736 2830; x_wconf 89' lang='lat' dir='ltr'>in</span> <span class='ocrx_word' id='word_1_182' title='bbox 758 2763 810 2830; x_wconf 90' lang='lat' dir='ltr'>his</span> <span class='ocrx_word' id='word_1_183' title='bbox 832 2765 954 2852; x_wconf 68' lang='lat' dir='ltr'>duplex</span> <span class='ocrx_word' id='word_1_184' title='bbox 975 2773 1023 2828; x_wconf 90' lang='lat' dir='ltr'>est</span> <span class='ocrx_word' id='word_1_185' title='bbox 1046 2753 1290 2847; x_wconf 86' lang='lat' dir='ltr'>interpretatio·-</span> 
     </span>
     <span class='ocr_line' id='line_1_23' title="bbox 165 2865 1290 2953; baseline -0.002 -19"><span class='ocrx_word' id='word_1_186' title='bbox 165 2915 169 2934; x_wconf 86' lang='grc'><strong>.</strong></span> <span class='ocrx_word' id='word_1_187' title='bbox 215 2867 266 2946; x_wconf 83' lang='lat' dir='ltr'>nis</span> <span class='ocrx_word' id='word_1_188' title='bbox 299 2865 442 2932; x_wconf 89' lang='lat' dir='ltr'>officium</span> <span class='ocrx_word' id='word_1_189' title='bbox 473 2878 510 2931; x_wconf 88' lang='lat' dir='ltr'>et</span> <span class='ocrx_word' id='word_1_190' title='bbox 539 2888 642 2953; x_wconf 79' lang='lat' dir='ltr'>onus3</span> <span class='ocrx_word' id='word_1_191' title='bbox 678 2871 831 2948; x_wconf 87' lang='lat' dir='ltr'>alterum,</span> <span class='ocrx_word' id='word_1_192' title='bbox 871 2888 937 2952; x_wconf 90' lang='lat' dir='ltr'>quo</span> <span class='ocrx_word' id='word_1_193' title='bbox 966 2888 1079 2930; x_wconf 89' lang='lat' dir='ltr'>sensns</span> <span class='ocrx_word' id='word_1_194' title='bbox 1108 2865 1290 2932; x_wconf 87' lang='lat' dir='ltr'>verborum</span> 
     </span>
     <span class='ocr_line' id='line_1_24' title="bbox 187 2938 1291 3060; baseline 0.002 -28"><span class='ocrx_word' id='word_1_195' title='bbox 187 2938 355 3056; x_wconf 79' lang='lat' dir='ltr'>&#39;simplex</span> <span class='ocrx_word' id='word_1_196' title='bbox 383 2973 585 3054; x_wconf 83' lang='lat' dir='ltr'>enucleatur,</span> <span class='ocrx_word' id='word_1_197' title='bbox 619 2976 758 3039; x_wconf 86' lang='lat' dir='ltr'>alterum</span> <span class='ocrx_word' id='word_1_198' title='bbox 789 2987 854 3060; x_wconf 90' lang='lat' dir='ltr'>quo</span> <span class='ocrx_word' id='word_1_199' title='bbox 885 2969 963 3055; x_wconf 88' lang='lat' dir='ltr'>qnid</span> <span class='ocrx_word' id='word_1_200' title='bbox 997 2971 1096 3036; x_wconf 88' lang='lat' dir='ltr'>sub</span> <span class='ocrx_word' id='word_1_201' title='bbox 1087 2973 1228 3056; x_wconf 80' lang='lat' dir='ltr'>imagine</span> <span class='ocrx_word' id='word_1_202' title='bbox 1258 2987 1291 3036; x_wconf 89' lang='lat' dir='ltr'>et</span> 
     </span>
    </p>
   </div>
   <div class='ocr_carea' id='block_1_8' title="bbox 19 3059 1291 3374">
    <p class='ocr_par' dir='ltr' id='par_1_8' title="bbox 19 3059 1291 3374">
     <span class='ocr_line' id='line_1_25' title="bbox 110 3059 1291 3170; baseline 0.001 -33"><span class='ocrx_word' id='word_1_203' title='bbox 110 3067 112 3076; x_wconf 70' lang='grc'>’</span> <span class='ocrx_word' id='word_1_204' title='bbox 142 3069 175 3164; x_wconf 51' lang='lat'>3⁸</span> <span class='ocrx_word' id='word_1_205' title='bbox 213 3073 325 3140; x_wconf 89' lang='lat' dir='ltr'>sedulo</span> <span class='ocrx_word' id='word_1_206' title='bbox 359 3096 596 3170; x_wconf 80' lang='lat' dir='ltr'>nonnunquam</span> <span class='ocrx_word' id='word_1_207' title='bbox 630 3078 768 3142; x_wconf 88' lang='lat' dir='ltr'>obscure</span> <span class='ocrx_word' id='word_1_208' title='bbox 806 3075 899 3142; x_wconf 88' lang='lat' dir='ltr'>dictis</span> <span class='ocrx_word' id='word_1_209' title='bbox 931 3076 1045 3158; x_wconf 87' lang='lat' dir='ltr'>lateat,</span> <span class='ocrx_word' id='word_1_210' title='bbox 1080 3059 1291 3159; x_wconf 68' lang='lat' dir='ltr'>conjicienda,</span> 
     </span>
     <span class='ocr_line' id='line_1_26' title="bbox 116 3179 1290 3270; baseline -0.006 -21"><span class='ocrx_word' id='word_1_211' title='bbox 116 3187 126 3197; x_wconf 71' lang='grc'><strong>“</strong></span> <span class='ocrx_word' id='word_1_212' title='bbox 194 3179 404 3270; x_wconf 78' lang='lat' dir='ltr'>¹divinando</span> <span class='ocrx_word' id='word_1_213' title='bbox 431 3193 464 3248; x_wconf 90' lang='lat' dir='ltr'>et</span> <span class='ocrx_word' id='word_1_214' title='bbox 495 3183 636 3250; x_wconf 84' lang='lat' dir='ltr'>rationes</span> <span class='ocrx_word' id='word_1_215' title='bbox 672 3182 830 3250; x_wconf 84' lang='lat' dir='ltr'>subtiliter</span> <span class='ocrx_word' id='word_1_216' title='bbox 866 3179 1082 3267; x_wconf 82' lang='lat' dir='ltr'>supputando</span> <span class='ocrx_word' id='word_1_217' title='bbox 1122 3179 1290 3265; x_wconf 86' lang='lat' dir='ltr'>colligitur.</span> 
     </span>
     <span class='ocr_line' id='line_1_27' title="bbox 19 3283 1289 3374; baseline -0.001 -26"><span class='ocrx_word' id='word_1_218' title='bbox 19 3329 22 3342; x_wconf 80' lang='lat'>.</span> <span class='ocrx_word' id='word_1_219' title='bbox 127 3327 129 3332; x_wconf 83' lang='lat'><em>·</em></span> <span class='ocrx_word' id='word_1_220' title='bbox 213 3283 316 3370; x_wconf 87' lang='lat' dir='ltr'>Igitur</span> <span class='ocrx_word' id='word_1_221' title='bbox 343 3295 381 3349; x_wconf 90' lang='lat' dir='ltr'>ut</span> <span class='ocrx_word' id='word_1_222' title='bbox 407 3284 447 3350; x_wconf 86' lang='lat' dir='ltr'>de</span> <span class='ocrx_word' id='word_1_223' title='bbox 470 3287 616 3354; x_wconf 87' lang='lat' dir='ltr'>Danielis</span> <span class='ocrx_word' id='word_1_224' title='bbox 644 3287 719 3357; x_wconf 91' lang='lat' dir='ltr'>libri</span> <span class='ocrx_word' id='word_1_225' title='bbox 742 3310 840 3352; x_wconf 89' lang='lat' dir='ltr'>sensu</span> <span class='ocrx_word' id='word_1_226' title='bbox 861 3309 903 3352; x_wconf 89' lang='lat' dir='ltr'>ne</span> <span class='ocrx_word' id='word_1_227' title='bbox 925 3287 962 3352; x_wconf 89' lang='lat' dir='ltr'>iis</span> <span class='ocrx_word' id='word_1_228' title='bbox 984 3284 1117 3374; x_wconf 88' lang='lat' dir='ltr'>quidem</span> <span class='ocrx_word' id='word_1_229' title='bbox 1138 3283 1289 3348; x_wconf 90' lang='lat' dir='ltr'>omnibus</span> 
     </span>
    </p>
   </div>
   <div class='ocr_carea' id='block_1_9' title="bbox 214 3387 1375 3918">
    <p class='ocr_par' dir='ltr' id='par_1_9' title="bbox 214 3387 1375 3898">
     <span class='ocr_line' id='line_1_28' title="bbox 215 3387 1375 3480; baseline 0.001 -28"><span class='ocrx_word' id='word_1_230' title='bbox 215 3389 371 3454; x_wconf 85' lang='lat' dir='ltr'>convenit</span> <span class='ocrx_word' id='word_1_231' title='bbox 395 3389 626 3478; x_wconf 82' lang='lat' dir='ltr'>interpretibus</span> <span class='ocrx_word' id='word_1_232' title='bbox 651 3395 733 3480; x_wconf 91' lang='lat' dir='ltr'>qui.</span> <span class='ocrx_word' id='word_1_233' title='bbox 727 3395 837 3460; x_wconf 82' lang='lat' dir='ltr'>solum&#39;</span> <span class='ocrx_word' id='word_1_234' title='bbox 855 3392 1048 3458; x_wconf 88' lang='lat' dir='ltr'>historicum</span> <span class='ocrx_word' id='word_1_235' title='bbox 1070 3409 1202 3452; x_wconf 84' lang='lat' dir='ltr'>sensum</span> <span class='ocrx_word' id='word_1_236' title='bbox 1224 3387 1291 3467; x_wconf 89' lang='lat' dir='ltr'>(id-</span> <span class='ocrx_word' id='word_1_237' title='bbox 1374 3417 1375 3422; x_wconf 45' lang='lat'>¹</span> 
     </span>
     <span class='ocr_line' id='line_1_29' title="bbox 215 3481 1342 3585; baseline 0 -29"><span class='ocrx_word' id='word_1_238' title='bbox 215 3515 279 3578; x_wconf 90' lang='lat' dir='ltr'>que</span> <span class='ocrx_word' id='word_1_239' title='bbox 301 3513 431 3556; x_wconf 89' lang='lat' dir='ltr'>summo</span> <span class='ocrx_word' id='word_1_240' title='bbox 451 3499 550 3581; x_wconf 88' lang='lat' dir='ltr'>jure)</span> <span class='ocrx_word' id='word_1_241' title='bbox 559 3481 780 3584; x_wconf 77' lang='lat' dir='ltr'>quaerendum</span> <span class='ocrx_word' id='word_1_242' title='bbox 800 3521 870 3564; x_wconf 91' lang='lat' dir='ltr'>esse</span> <span class='ocrx_word' id='word_1_243' title='bbox 891 3509 1040 3576; x_wconf 87' lang='lat' dir='ltr'>censent,</span> <span class='ocrx_word' id='word_1_244' title='bbox 1065 3494 1111 3559; x_wconf 91' lang='lat' dir='ltr'>sic</span> <span class='ocrx_word' id='word_1_245' title='bbox 1131 3492 1171 3557; x_wconf 89' lang='lat' dir='ltr'>de</span> <span class='ocrx_word' id='word_1_246' title='bbox 1192 3491 1289 3585; x_wconf 83' lang='lat' dir='ltr'>Apo·</span> <span class='ocrx_word' id='word_1_247' title='bbox 1339 3506 1342 3512; x_wconf 84' lang='grc'><strong>“</strong></span> 
     </span>
     <span class='ocr_line' id='line_1_30' title="bbox 216 3585 1289 3685; baseline 0.002 -23"><span class='ocrx_word' id='word_1_248' title='bbox 216 3585 384 3685; x_wconf 85' lang='lat' dir='ltr'>calypscos</span> <span class='ocrx_word' id='word_1_249' title='bbox 406 3599 500 3665; x_wconf 90' lang='lat' dir='ltr'>etiam</span> <span class='ocrx_word' id='word_1_250' title='bbox 521 3624 618 3668; x_wconf 87' lang='lat' dir='ltr'>sensu</span> <span class='ocrx_word' id='word_1_251' title='bbox 641 3626 771 3669; x_wconf 88' lang='lat' dir='ltr'>summo</span> <span class='ocrx_word' id='word_1_252' title='bbox 798 3616 831 3670; x_wconf 88' lang='lat' dir='ltr'>et</span> <span class='ocrx_word' id='word_1_253' title='bbox 851 3603 1018 3670; x_wconf 81' lang='lat' dir='ltr'>visionum</span> <span class='ocrx_word' id='word_1_254' title='bbox 1039 3621 1129 3664; x_wconf 86' lang='lat' dir='ltr'>nexu</span> <span class='ocrx_word' id='word_1_255' title='bbox 1148 3600 1289 3685; x_wconf 88' lang='lat' dir='ltr'>plurima</span> 
     </span>
     <span class='ocr_line' id='line_1_31' title="bbox 214 3703 1290 3796; baseline 0 -26"><span class='ocrx_word' id='word_1_256' title='bbox 214 3703 253 3770; x_wconf 76' lang='lat' dir='ltr'>tis</span> <span class='ocrx_word' id='word_1_257' title='bbox 275 3717 340 3782; x_wconf 82' lang='lat' dir='ltr'>est3</span> <span class='ocrx_word' id='word_1_258' title='bbox 372 3721 555 3790; x_wconf 86' lang='lat' dir='ltr'>quanquam</span> <span class='ocrx_word' id='word_1_259' title='bbox 582 3705 750 3792; x_wconf 86' lang='lat' dir='ltr'>diligenter</span> <span class='ocrx_word' id='word_1_260' title='bbox 773 3708 884 3776; x_wconf 88' lang='lat' dir='ltr'>omnia</span> <span class='ocrx_word' id='word_1_261' title='bbox 903 3705 1086 3796; x_wconf 82' lang='lat' dir='ltr'>exploranti</span> <span class='ocrx_word' id='word_1_262' title='bbox 1109 3716 1143 3768; x_wconf 90' lang='lat' dir='ltr'>ct</span> <span class='ocrx_word' id='word_1_263' title='bbox 1162 3704 1290 3790; x_wconf 85' lang='lat' dir='ltr'>ponde-</span> 
     </span>
     <span class='ocr_line' id='line_1_32' title="bbox 216 3809 1191 3918; baseline 0.002 -46"><span class='ocrx_word' id='word_1_264' title='bbox 216 3811 303 3876; x_wconf 90' lang='lat' dir='ltr'>ranti</span> <span class='ocrx_word' id='word_1_265' title='bbox 323 3829 407 3876; x_wconf 87' lang='lat' dir='ltr'>unus</span> <span class='ocrx_word' id='word_1_266' title='bbox 430 3820 557 3918; x_wconf 90' lang='lat' dir='ltr'>tantum</span> <span class='ocrx_word' id='word_1_267' title='bbox 578 3831 690 3876; x_wconf 90' lang='lat' dir='ltr'>sensus</span> <span class='ocrx_word' id='word_1_268' title='bbox 712 3823 751 3878; x_wconf 90' lang='lat' dir='ltr'>ut</span> <span class='ocrx_word' id='word_1_269' title='bbox 770 3835 870 3881; x_wconf 87' lang='lat' dir='ltr'>verus</span> <span class='ocrx_word' id='word_1_270' title='bbox 891 3824 1040 3878; x_wconf 86' lang='lat' dir='ltr'>constare</span> <span class='ocrx_word' id='word_1_271' title='bbox 1059 3809 1191 3898; x_wconf 89' lang='lat' dir='ltr'>poterit.</span> 
     </span>
    </p>
   </div>
   <div class='ocr_carea' id='block_1_10' title="bbox 255 4025 1335 4172">
    <p class='ocr_par' dir='ltr' id='par_1_10' title="bbox 255 4025 1335 4172">
     <span class='ocr_line' id='line_1_33' title="bbox 255 4025 1335 4112; baseline -0.002 -34"><span class='ocrx_word' id='word_1_272' title='bbox 255 4086 264 4112; x_wconf 39' lang='grc' dir='ltr'>,Ι</span> <span class='ocrx_word' id='word_1_273' title='bbox 291 4025 335 4078; x_wconf 85' lang='lat' dir='ltr'>dat</span> <span class='ocrx_word' id='word_1_274' title='bbox 359 4037 406 4079; x_wconf 88' lang='lat' dir='ltr'>aut</span> <span class='ocrx_word' id='word_1_275' title='bbox 430 4043 465 4080; x_wconf 83' lang='lat' dir='ltr'>ex</span> <span class='ocrx_word' id='word_1_276' title='bbox 490 4025 598 4081; x_wconf 87' lang='lat' dir='ltr'>collatis</span> <span class='ocrx_word' id='word_1_277' title='bbox 625 4025 756 4084; x_wconf 82' lang='lat' dir='ltr'>omuibus</span> <span class='ocrx_word' id='word_1_278' title='bbox 774 4030 908 4102; x_wconf 81' lang='lat' dir='ltr'>colligere</span> <span class='ocrx_word' id='word_1_279' title='bbox 934 4029 1070 4084; x_wconf 86' lang='lat' dir='ltr'>lectorem</span> <span class='ocrx_word' id='word_1_280' title='bbox 1084 4025 1177 4098; x_wconf 79' lang='lat' dir='ltr'>jubet,</span> <span class='ocrx_word' id='word_1_281' title='bbox 1206 4029 1289 4083; x_wconf 84' lang='lat' dir='ltr'>cartis</span> <span class='ocrx_word' id='word_1_282' title='bbox 1330 4070 1335 4076; x_wconf 85' lang='lat'>.</span> 
     </span>
     <span class='ocr_line' id='line_1_34' title="bbox 291 4121 494 4172; baseline 0.015 -3"><span class='ocrx_word' id='word_1_283' title='bbox 291 4121 494 4172; x_wconf 80' lang='lat' dir='ltr'>constituimus·</span> 
     </span>
    </p>
   </div>
   <div class='ocr_carea' id='block_1_11' title="bbox 0 0 1428 4682">
    <p class='ocr_par' dir='ltr' id='par_1_11' title="bbox 0 0 1428 4682">
     <span class='ocr_line' id='line_1_35' title="bbox 0 0 1428 4682; baseline 0 0"><span class='ocrx_word' id='word_1_284' title='bbox 0 0 1428 4682; x_wconf 95' lang='lat' dir='ltr'> </span> 
     </span>
    </p>
   </div>
  </div>
 </body>
</html>
