2802 4684
135 317 233 395 ⁶11.
261 295 576 439 Vitiopesdlir.
605 287 756 404 Afas.
782 323 868 418 cap.
894 332 1037 413 13,1s.
1087 333 1160 408 235
1241 275 1267 307 ⁵*
1311 289 1315 297 ¹

84 518 122 570 et
143 509 311 594 propalam
331 507 461 571 adderet
483 507 689 594 impedirent.
711 539 715 549 ,
743 505 830 590 Quis
860 507 948 570 enim
978 509 1056 594 setis
1084 482 1164 595 piu-

84 593 170 657 dens
190 605 265 656 tunc
285 595 443 681 temporis
465 615 586 678 poenas
607 594 816 674 gravissimas
844 593 996 656 minando
1017 592 1163 680 Impera-

82 679 182 742 toris‘
192 677 334 743 Romani
354 680 476 742 diserte
496 680 657 742 nominati
677 680 760 742 iram
780 693 984 765 provocasset
1016 681 1080 764 sibi
1108 693 1164 744 to-

82 766 180 852 tique
208 767 315 846 coetui
341 762 533 830 exitialem?
575 763 691 828 Nonne
707 755 820 828 'satius
843 773 910 827 erat
932 766 1066 828 nomine
1089 767 1163 866 ipso

7 875 10 878 ·
83 850 189 913 tacito
211 873 384 936 personam
404 862 530 915 tantum
550 849 596 913 ita
614 851 796 931 significare
815 861 852 912 ut
864 860 953 911 vates
970 850 1165 934 prudentio-

84 955 143 998 res
173 947 281 1003 tamen
312 957 331 999 e
362 949 456 1000 coetu
472 957 541 998 suo
569 947 713 1004 mentem
743 948 834 1012 suem
861 947 1061 1001 assecuturos
1093 957 1165 1010 esee
1205 967 1208 974 ¹

86 1017 178 1084 certo
189 1034 328 1108 sperare
348 1019 481 1110 posset?
505 1019 607 1102 Igitur
628 1043 671 1086 ex
691 1041 827 1108 operum
847 1013 945 1117 hujus
965 1021 1092 1102 generis
1105 1024 1165 1087 illa

86 1117 194 1170 aetate
216 1109 417 1193 scriptorum
432 1107 565 1188 ingenio
589 1102 644 1186 (cf.
666 1130 699 1194 p.
710 1109 756 1188 9.)
778 1117 871 1170 vates
893 1107 1024 1186 tyranni
1043 1129 1165 1174 nomen

87 1193 231 1256 reticens
256 1206 365 1261 tarnen
387 1215 455 1257 non
474 1195 566 1273 signa
585 1204 711 1257 tantum
732 1212 888 1279 personae
908 1189 962 1272 dat
983 1189 1164 1274 manifesta,

87 1275 150 1340 sed
172 1289 255 1342 tecte
275 1281 373 1342 etiam
395 1281 446 1342 bis
475 1277 542 1364 (17,
568 1287 674 1352 9-11
705 1288 832 1365 praeter
845 1278 938 1340 'hunc
959 1273 1080 1426 locun?
1109 1282 1165 1366 ip·
1228 1343 1233 1356 ,

87 1384 166 1426 sum
185 1385 307 1428 nomen
327 1383 562 1450 personamque
583 1364 727 1449 apertius
760 1365 806 1426 ita
834 1362 959 1440 innuit,
986 1378 1046 1426 ut‘
1072 1365 1165 1430 odaei

89 1450 211 1512 saltem
243 1471 312 1541 seu¹
329 1452 440 1536 potius
470 1448 650 1513 Christiani
671 1449 808 1518 ethis
827 1449 892 1511 orti
914 1447 1076 1513 Neronem
1096 1474 1165 1516 non
1212 1461 1237 1490 ·'

89 1547 227 1622 possent
246 1557 314 1598 non
334 1549 516 1623 agnoscere.
557 1533 639 1598 Nam
652 1553 774 1598 nomen
791 1531 999 1620 Imperatoris
1019 1536 1075 1600 hic
1096 1557 1166 1600 nu·
1222 1563 1224 1568 ¹
1315 1571 1317 1580 ι

89 1619 199 1684 merie
217 1619 371 1699 denotat,
392 1633 458 1686 arte'
482 1618 617 1709 quadam
637 1620 848 1682 cebbalistica.
889 1619 1064 1720 Postquam
1078 1623 1167 1686 enim
1205 1672 1209 1680 ,
1246 1634 1254 1648 ·

13 1721 23 1737 ¹
89 1703 207 1768 Judaei
228 1705 338 1769 literas
361 1715 434 1771 suas
453 1705 493 1770 od
514 1727 666 1770 numeros
695 1704 894 1768 denotandos
924 1695 1086 1790 apphcare
1112 1707 1166 1770 di·
1251 1707 1271 1736 ⁵

91 1789 241 1854 dicerunt
261 1792 311 1871 (id
331 1793 416 1878 quod
437 1804 514 1878 post
542 1785 837 1855 exilium-demum
866 1783 985 1853 sactum
1012 1789 1166 1878 videtur),

91 1873 235 1940 Rabbini
255 1877 299 1947 iis
320 1879 359 1939 od
381 1883 515 1941 arcuna
535 1878 624 1940 varia
647 1876 828 1941 denotanda
847 1876 897 1937 uti
918 1890 1166 1942 consueverunt.

94 1960 168 2024 Una
188 1961 270 2024 ratio
293 1964 372 2029 haec
393 1975 455 2026 est.
509 1961 552 2026 st·
567 1963 735 2041 extiteris
765 1961 856 2024 vocis
875 1955 1040 2058 cujusdam
1058 1962 1105 2026 V.
1126 1962 1168 2027 T.

91 2046 183 2110 idem
211 2050 339 2112 numeri
357 2051 461 2112 ¹valor
491 2047 647 2114 redundat
675 2049 731 2140 qui
758 2069 801 2111 ex
822 2047 928 2110 literis
959 2048 1043 2112 alius
1066 2051 1167 2128 vocis,

94 2131 418 2221 eundem'utriusq‘ue
441 2153 570 2198 sensum
591 2155 662 2197 esse
673 2133 847 2214 colligunt,
866 2144 902 2194 ut
920 2132 1052 2196 alterius
1070 2138 1169 2210 etiam

58 2294 62 2300 ⁵
94 2219 189 2294 vocis
213 2240 326 2292 sensus
346 2220 490 2302 inteiligi
509 2232 613 2308 queat.
634 2219 668 2298 1)
717 2211 831 2282 Alteia
859 2217 941 2280 ratio
962 2215 1056 2306 quain
1077 2233 1168 2296 vates

95 2303 258 2391 sequitur,
279 2307 358 2369 haec
380 2319 438 2370 cst.
481 2305 544 2370 Pro
565 2306 698 2370 nomine
719 2307 793 2392 ipso
810 2304 907 2368 'valor
927 2303 1052 2372 tantum
1073 2330 1169 2393 quem

96 2392 212 2454 liteiae
233 2385 303 2486 ejus
327 2403 364 2454 ut
383 2387 590 2456 numerorum
609 2395 701 2472 signa
718 2392 870 2476 praebent
901 2411 972 2452 com
995 2403 1100 2456 utatus
1124 2396 1170 2456 ita

95 2475 302 2555 nominatur,
326 2489 363 2540 ut
383 2478 476 2564 quale
496 2499 617 2542 nomen
637 2475 885 2558 intelligendum
916 2411 1095 2540 sitiectori
1116 2480 1170 2541 di-

96 2561 277 2626 vinandum
297 2563 508 2650 relinquetur.
549 2561 599 2626 Ita
617 2564 671 2624 hic
693 2581 845 2626 numerus
865 2565 922 2651 χξσ
941 2561 965 2622 i.
984 2583 1013 2624 e.
1034 2569 1097 2636 666
1115 2566 1170 2628 vel

99 2669 144 2709 ex
165 2649 256 2710 varia
274 2650 415 2712 lectione
435 2673 489 2738 χιᾳ
508 2649 533 2710 i.
556 2670 584 2712 e.
606 2653 669 2718 616
690 2669 750 2732 pro
774 2647 907 2710 nomine
928 2646 1002 2732 ipso
1024 2651 1172 2732 ponitur3

95 2732 290 2819 idquehoc
319 2735 417 2797 simul
446 2739 520 2798 loco
548 2733 715 2820 aptissime
743 2733 887 2812 fingitur.
956 2729 1044 2794 Narn'
1057 2736 1188 2798 literae.
1265 2777 1268 2784 ·

74 2819 163 2880 ‘hae
183 2829 248 2881 tres
270 2819 510 2905 compendium
532 2820 631 2882 simul
652 2815 803 2880 nominis
822 2816 934 2880 haberi
954 2831 1108 2902 possunt,
1137 2831 1174 2883 ut

97 2904 235 2968 nomina
259 2898 327 2968 fere
352 2907 537 2992 principum
569 2901 760 2988 compendio
786 2903 883 2964 scribi
909 2903 1087 2968 inscribite
1116 2926 1174 2968 so-

98 2991 181 3052 lent.
224 2986 333 3072 Quare
353 2993 498 3053 nominis
513 2988 722 3078 Imperatoris
738 2986 965 3074 compendium
985 3009 1041 3050 seu
1061 3003 1174 3070 notam
1242 3043 1249 3057 ,

99 3076 183 3138 hanc
221 3086 295 3162 apte
329 3072 543 3140 characteris
569 3073 778 3162 imprimendi
800 3073 968 3138 mentioni
996 3069 1173 3172 adjungens
1266 3068 1269 3076 ’

100 3173 193 3224 vates
222 3182 255 3224 v.
278 3169 319 3232 17
343 3159 429 3222 dicit
457 3165 539 3251 ἔχων
567 3153 605 3228 τὸ
632 3152 808 3251 χάραγμα,
837 3151 875 3224 τὸ
898 3154 956 3226 ciro
975 3185 1022 3225 tce
1038 3187 1074 3237 τ.
1088 3157 1173 3248 «inii

89 3238 164 3319 ,τὸν
183 3236 336 3332 ciereinde
361 3247 426 3312 ‘cori'
455 3237 623 3330 ὀνόματος
651 3243 754 3312 αὐτοῦ
784 3263 913 3330 gerens
938 3181 1174 3308 citarocterem
1255 3257 1256 3266 ¹

101 3327 223 3403 illum,
244 3339 308 3392 aut
330 3349 452 3393 nomen
473 3326 606 3392 belluae
627 3329 742 3415 ipsum
770 3337 835 3392 out
862 3324 1022 3414 (brevius)
1051 3351 1175 3393 nume-
1214 3377 1217 3384 ·

67 3418 72 3430 ‘
102 3433 183 3476 rum
203 3414 242 3477 in
264 3436 329 3502 quo
351 3408 411 3478 hoc
433 3413 507 3501 tejas
527 3436 649 3480 nomeu
671 3413 769 3478 latet.
811 3410 937 3497 (Lectio
959 3412 1174 3480 heecGriesb.
1267 3409 1272 3422 ’

141 3543 178 3654 1)
197 3573 265 3638 haec
280 3589 352 3642 ratio
371 3585 502 3642 Rabbinis
521 3585 659 3652 Gemotria
675 3585 778 3638 dicitur
803 3583 840 3638 cf.
861 3544 988 3640 Buxrors.
1016 3587 1072 3640 lex.
1098 3585 1176 3640 tatur·
1230 3564 1234 3569 ⁴

127 3688 129 3700 ¹
171 3675 252 3732 rahb.
270 3695 298 3746 p.
317 3681 383 3738 446;
402 3682 440 3730 ita
458 3674 522 3732 cuin
542 3663 623 3734 airu
646 3685 704 3753 tut
726 3663 795 3732 Geir.
817 3679 1090 3744 rettuderam
1111 3679 1178 3732 lite-

177 3752 269 3800 ris'ut
284 3752 396 3802 numeri
413 3753 501 3820 signis
519 3757 699 3819 computatis,
722 3751 851 3818 idemque
868 3765 1001 3802 numerus
1027 3766 1062 3801 ex
1087 3744 1177 3802 literis
1250 3779 1257 3796 κ
1298 3767 1305 3778 ’

176 3851 266 3898 murt>
284 3840 434 3898 redundet,
452 3842 543 3896 verbis
560 3845 634 3896 illis:
651 3842 723 3894 venit
741 3841 850 3894 Scirilolr
865 3839 999 3894 Messium
1016 3838 1179 3906 intelligen-

176 3917 245 3969 dum
260 3923 371 3982 putaut;
397 3910 435 3965 cf.
451 3915 617 3980 Hieronym.
644 3915 678 3969 ad
694 3915 764 3966 Hos.
782 3918 815 3977 3,
833 3921 861 3971 2.
888 3906 1074 3978 Oukel.targ.
1091 3911 1177 3962 Num.

177 3996 267 4051 121.
304 3981 358 4038 Sed
376 3990 495 4038 earatio
512 3985 544 4037 ab
563 3987 713 4054 hecquem
732 3996 806 4038 vates
825 3983 872 4034 hio
890 3984 1015 4048 sequitur
1044 3985 1109 4032 eatis
1135 3991 1179 4032 est

178 4060 301 4122 diversa,
321 4059 352 4106 u‘t
370 4073 404 4107 an
422 4074 458 4110 ex
476 4057 666 4111 Rabbiuorum
684 4068 776 4109 mente
794 4066 868 4106 recto
886 4051 1023 4128 Qenwtria
1041 4051 1097 4103 dici
1113 4063 1180 4119 poe-

179 4134 218 4183 eit
237 4128 369 4184 dubitem.
391 4127 686 4198 *Coniercudipotiue
701 4138 766 4180 suut
782 4128 861 4178 lusus
879 4139 949 4191 quos
974 4139 1009 4174 ex
1034 4124 1123 4175 literis
1143 4115 1181 4192 ui

180 4206 290 4256 numeri
309 4203 396 4269 signis
415 4199 491 4254 elicit
512 4200 681 4257 Artemidor.
699 4201 859 4253 eneirocrit.
879 4204 903 4258 t,
922 4202 967 4256 12..
984 4200 1009 4260 3,
1024 4200 1069 4255 5212
1089 4201 1118 4274 d,
1135 4199 1181 4254 26.
1246 4196 1253 4252 ‚¹
