2802 4684
155 285 157 304 '
278 250 675 400 11.Vrsi0nes.·il.2,
702 319 733 390 1.
786 309 873 404 Gap·
896 276 1016 399 ssd„
1064 386 1066 396 ,
1104 317 1175 407 171

10 517 15 526 ·
102 491 149 558 tis
166 494 324 558 sententia
344 484 499 579 placeat‚=
515 490 644 556 dativus
666 491 713 556 sio
733 491 965 575 intelligendus
986 501 1052 558 est:
1082 493 1178 564 thure

97 577 211 666 plura
222 580 316 646 altari
329 577 368 642 ad
385 578 575 645 sufflandum
593 577 806 665 imponuntur
820 576 859 640 in
869 575 1081 644 commodum
1093 599 1178 664 prce
1248 649 1251 658 ,

104 683 186 728 cum
205 673 404 728 sanctorum
421 661 599 740 omnium,
612 664 637 726 i.
647 675 683 726 te.
695 679 767 750 'qno
789 662 850 728 deo
874 662 1069 748 acceptiores
1087 665 1178 744 fiant,
1265 737 1268 750 Ι

105 759 144 810 ot
170 747 299 814 tandem
328 747 407 812 deus
436 760 521 812 totas
550 769 604 813 eas
632 748 801 826 exaudiam
833 769 896 836 quo
928 748 1071 838 suevius
1089 750 1179 818 enim
1229 826 1234 835 ¹

105 833 183 898 thus
209 837 250 896 'ab
281 835 406 918 angelis
434 830 651 900 sacerdotibus
676 833 830 909 offertur,
863 853 903 896 eo
923 834 1081 914 gratiores
1101 847 1178 902 sunt

101 919 238 1068 piorpm
281 941 368 984 reces
396 914 439 984 cfr
458 918 498 984 ad
518 927 551 997 5,
570 931 592 994 8
612 929 722 986 notato
744 929 779 982 et
797 913 1045 983 Fneercnood.
1063 921 1177 1008 pseud.
1211 929 1220 951 ‘

209 1049 217 1067 .
271 1000 322 1068 .I.
339 1028 376 1092 p·
396 993 472 1078 54'7.
504 1005 553 1070 ed.
575 1026 639 1068 sec.
669 1003 794 1068 Enoch.
813 1007 847 1082 ’8,
864 1014 898 1078 9.
916 1013 948 1080 9,
968 1007 1041 1076 2-4.
1063 1017 1204 1081 10-12.,

105 1096 164 1167 47·
182 1094 253 1162 1-4·
274 1097 327 1168 60,
346 1101 379 1165 9·
400 1095 513 1163 12·16·
534 1097 587 1170 96,
607 1100 640 1163 2·
660 1099 693 1165 4·
716 1097 768 1166 97,
790 1094 822 1160 4·
844 1098 898 1166 39,
917 1094 950 1160 4·
969 1095 1021 1166 40,
1042 1094 1074 1159 6·
1127 1089 1180 1160 En
1204 1127 1206 1140 ·

105 1175 209 1257 i‘girur
239 1188 366 1263 tempus
397 1175 485 1240 adest
521 1197 653 1262 precum
679 1171 907 1242 seranditarum
936 1173 1181 1264 vindictaeque3

106 1282 184 1324 nam
201 1260 327 1350 plenus
348 1283 366 1326 e
385 1262 480 1324 thure
504 1259 742 1326 in‘sanctorum
762 1281 893 1346 precum
912 1259 1048 1340 gratiam
1069 1265 1178 1328 oblato

106 1340 215 1410 furnus
234 1345 428 1426 adscendens
449 1345 541 1434 (nd.
560 1350 595 1414 ἐκ
610 1339 720 1438 ,χειρὸς
741 1344 801 1412 cori
819 1337 961 1432 ἀγγέλου
979 1346 1121 1432 pertinet
1139 1348 1181 1414 ad

107 1424 236 1518 ἀνέβη,
256 1429 423 1498 adscendit
439 1455 459 1496 e
478 1435 575 1498 manu
595 1453 675 1520 quae
695 1433 772 1494 thus
790 1430 922 1510 obtulit)
942 1432 1061 1516 partim
1077 1436 1181 1498 sacri-

107 1518 219 1602 ficium
240 1519 300 1581 deo
325 1529 489 1605 acceptum
508 1538 576 1582 csse
598 1517 779 1598 significat,
807 1527 844 1578 ut
864 1537 992 1602 semper
1016 1521 1181 1599 sacrificia,
1200 1515 1203 1523 ’

109 1625 175 1690 quo
187 1605 303 1668 laetius
317 1616 350 1668 et
362 1604 479 1670 clarius
489 1603 577 1685 ignis
587 1603 720 1680 enicat,
733 1623 773 1666 eo
791 1595 947 1664 faustiora
964 1614 1118 1688 putentur
1137 1602 1181 1670 cf.

109 1687 292 1773 1Regatt3,
313 1699 373 1769 383
400 1689 520 1776 partim
546 1688 628 1754 iram
656 1687 803 1754 diuinam
829 1685 940 1750 ardere
959 1699 1070 1768 notetr
1094 1691 1182 1757 unde

109 1794 145 1838 r.
161 1785 194 1848 5.
226 1775 359 1858 angelus
385 1774 585 1839 thuribulum
613 1774 700 1854 ignis
719 1774 756 1842 in
777 1773 871 1834 altari
896 1773 1071 1838 saevientis
1090 1789 1182 1863 parte

107 1863 269 1948 repletum
289 1861 325 1924 in
352 1871 470 1934 terrem
489 1853 618 1957 dejicit,
639 1879 718 1958 quae
731 1858 815 1920 iram
825 1857 971 1928 divinam
982 1862 1182 1928 saevientem

109 1949 249 2023 sentiatr
265 1945 435 2034 statimque
454 1956 492 2008 ut
510 1944 577 2010 irae
597 1945 696 2041 hujus
714 1943 827 2024 igneae
843 1954 960 2006 terram
972 1947 1183 2030 percutientis

109 2034 248 2115 vestigia
269 2028 444 2096 fulminum
464 2030 579 2113 genera
604 2029 712 2098 omnia
733 2039 765 2092 et
785 2039 888 2090 terrae
910 2041 1018 2094 motus
1039 2053 1183 2120 sequun-

108 2130 175 2182 tur.
216 2118 375 2184 Similiter
394 2111 661 2216 jamEzech.10,
681 2121 753 2186 2—4.
771 2115 921 2194 angelum
938 2136 1055 2200 prunas
1069 2119 1181 2201 igneas

109 2226 130 2269 e
148 2205 223 2269 loco
236 2203 360 2268 divino
381 2201 418 2266 in
439 2205 549 2266 urbem
569 2201 704 2287 impiam
724 2193 862 2298 dejicere
880 2201 1030 2264 finxerat.
1180 2216 1185 2227 ’

126 2437 128 2444 r
194 2385 227 2450 2·
246 2387 278 2455 8,
296 2382 328 2446 6.
347 2375 526 2444 Praemisso
545 2375 606 2438 hac
627 2371 767 2454 imagine
787 2371 966 2457 procedunt
981 2363 1050 2466 jam
1066 2372 1182 2442 ordine

5 2501 8 2504 .
112 2473 239 2550 septem
265 2484 338 2526 cum
367 2475 493 2549 septem
523 2460 609 2524 tubis
638 2458 746 2540 angeli
773 2478 951 2543 poenarum
981 2459 1123 2524 dirarum
1150 2474 1185 2526 et
1253 2485 1256 2498 ¹

59 2572 64 2584 ‘
112 2569 288 2636 praecones
308 2559 342 2612 et
360 2545 514 2612 ministri.
556 2547 610 2609 Sic
628 2545 716 2609 enim
737 2564 795 2606 eos
809 2545 883 2606 tuba
897 2545 1080 2626 clangentes
1096 2559 1183 2612 vates
1275 2570 1277 2584 ¹

111 2637 232 2719 finxit,
266 2644 304 2698 ut
331 2634 524 2722 simulatque
552 2632 721 2696 classicum
748 2639 855 2706 canat,
891 2640 1036 2716 potestas
1058 2653 1185 2720 quoque

113 2741 255 2808 poenam
280 2719 437 2807 quandam
457 2717 617 2782 efficiendi
638 2713 799 2780 divinitus
819 2715 832 2776 i
857 2712 904 2775 sis
924 2713 997 2778 data
1018 2718 1187 2797 cogitanda

116 2807 172 2869 sit.
221 2804 265 2868 lit
284 2807 344 2870 has
367 2805 497 2893 quidem
516 2823 637 2889 poenas
658 2812 733 2886 apte
758 2800 813 2898 sic·
827 2735 989 2884 disposuit
1008 2812 1116 2880 vates,
1148 2815 1186 2867 ut

115 2893 172 2956 vis
189 2911 298 2978 aarum
324 2903 358 2954 et
386 2903 491 2954 terror
515 2891 590 2974 ipso
611 2903 782 2973 progressu
803 2905 978 2950 numanam
998 2887 1035 2950 in
1053 2888 1186 2956 modum
1275 2959 1276 2966 χ
1304 2923 1307 2930 ·

116 2987 350 3066 mereaturque
360 2977 485 3062 priores
498 2974 640 3038 leviores
652 2971 845 3118 breviusque
860 2969 1000 3056 depictas
1013 2963 1185 3059 sequa'ntur

116 3063 271 3148 deinceps
283 3063 491 3146 gravissimae
503 3056 608 3124 fusius
617 3057 783 3121 describen
805 3075 860 3131 aeg
880 3057 1006 3142 priores
1019 3063 1195 3124 naturam

116 3149 229 3236 potius
251 3149 401 3227 homines
421 3149 603 3230 cingentem
622 3143 750 3206 laedant
769 3141 1019 3230 hominibusque
1036 3145 1188 3220 timorem

116 3235 277 3298 incutiant
306 3256 504 3310 comnena,
533 3231 730 3317 posteriores
751 3227 842 3312 ipsos
862 3227 1013 3293 homines
1035 3232 1186 3302 crucient.

120 3317 197 3404 Quo
215 3320 252 3383 in
268 3319 383 3384 ordine
402 3317 590 3382 simillimae
610 3327 685 3399 sunt
704 3325 829 3398 septem
841 3313 1025 3392 sigillorum
1037 3321 1074 3378 'et
1088 3317 1187 3402 phia-

118 3400 224 3470 larum
246 3403 479 3492 descriptiones
500 3426 527 3466 ο.
544 3409 576 3473 6·
595 3407 645 3474 16·
687 3397 829 3484 Cumque
849 3397 886 3460 in
899 3397 966 3490 ,hac
987 3420 1112 3488 qnoque
1132 3423 1187 3466 se-

117 3494 169 3556 rie
189 3502 255 3554 tres
274 3511 396 3576 poenas
415 3487 612 3576 posteriores
632 3483 838 3566 gravissimas
859 3503 1027 3582 sejungere
1045 3499 1078 3552 et
1094 3509 1187 3553 seor-

29 3609 31 3617 ¹
120 3579 184 3642 sim
205 3575 384 3640 describere
404 3577 473 3638 vati
494 3585 578 3638 esset
598 3573 743 3646 anianus,

206 3693 240 3768 1)
260 3698 410 3780 quatuor
429 3689 554 3774 priores
574 3687 667 3750 tubae
685 3694 716 3758 8,
724 3690 817 3753 7-12·
827 3679 974 3762 singulae
988 3703 1109 3770 poenas
1120 3683 1187 3748 mi.

121 3797 237 3854 nores,
273 3786 464 3860 cunctaeque
491 3792 599 3835 enom
624 3781 746 3833 tantum
779 3765 1017 3854 quadruplicem
1049 3781 1188 3853 poenam
1291 3777 1293 3784 '

121 3863 278 3939 afferunt,
298 3872 334 3922 ut
355 3871 489 3947 quatuor
509 3859 562 3918 his
573 3855 737 3942 prioribus
752 3853 867 3938 poenis
878 3854 1080 3940 sequentium
1091 3859 1190 3922 trium

121 3969 265 4036 quaeque
295 3941 363 4009 fere
394 3941 626 4032 aequiparanda
652 3941 705 4003 sit.
759 3936 928 4002 calamitas
955 3939 1010 4000 his
1033 3952 1066 4002 et
1085 3942 1192 4006 inter-

120 4035 217 4098 necio
239 4049 390 4118 magnae
409 4041 539 4094 naturae
559 4025 658 4110 parti
678 4017 815 4087 infertur
835 4025 936 4086 variis
957 4025 1191 4110 phoenomenis

122 4118 204 4183 diris
225 4131 256 4181 et
279 4117 475 4182 truculentis:
527 4112 664 4206 Magno
686 4131 759 4196 pars
781 4122 816 4173 ut
836 4112 1051 4196 exprimatur,
1085 4114 1192 4178 tertio
