2848 4682
133 267 257 412 Ι11.
357 323 415 392 De
437 320 557 391 forma
579 315 661 414 libri
687 257 900 412 epistolico-
901 281 1119 409 symbolicis}

206 511 281 577 satis
303 505 430 572 moneri
451 513 573 592 potest,
601 497 716 564 omnia
731 521 774 564 ex
797 498 1022 586 imaginum
1045 484 1172 564 tantum
1193 499 1274 567 sim·-

105 671 107 678 .
202 616 347 706 plicium
344 611 464 678 indole
485 604 672 703 explicanda
695 625 780 679 esse3
800 617 889 670 certe
910 607 1018 692 ipsu-m
1039 619 1203 672 auctorem
1221 629 1275 671 res

183 737 321 784 omnes
343 716 383 780 de
404 711 520 800 quibus
541 699 683 795 loquitur
704 711 852 778 mentis
875 718 1002 776 tantum
1023 713 1155 778 oculis
1176 735 1274 800 prae
1324 753 1328 757 -

202 835 314 890 sentes
341 817 401 884 sibi
428 815 597 902 cogitasse,
629 815 691 879 nisi
711 837 827 902 perse
847 827 989 902 pateret,
1019 819 1094 882 satis
1113 829 1296 883 monstrat·
1370 857 1375 866 -
1400 807 1406 818 '

205 929 323 997 locutio
343 925 377 989 in
397 923 507 988 fronte
527 921 632 1007 posita
653 915 819 1007 s'yeridlnlo
832 927 868 988 ἐν
883 913 1055 1009 πνεύματι
1076 934 1105 1001 1,
1126 933 1177 994 1ο.
1198 929 1274 1002 42,-

206 1045 240 1098 et
263 1031 307 1100 ἐν’
328 1019 520 1113 πνεύματι,
547 1024 633 1110 quod
655 1025 791 1089 subinde
810 1025 940 1098 adhibet
962 1027 1018 1094 ubi
1040 1027 1202 1093 inlocum
1223 1027 1276 1092 dis

206 1156 341 1204 versum
362 1131 462 1218 abripi
486 1130 658 1218 se.oogitat
679 1143 730 1210 17,
752 1141 783 1202 3.
806 1142 858 1210 21,
881 1145 933 1204 10,
1126 1149 1131 1170 .

251 1385 266 1398 ·.
317 1341 372 1406 u..
391 1337 477 1402 Cum
499 1335 560 1402 hac
582 1349 687 1403 autem
709 1335 783 1402 libri
806 1333 910 1404 forma
931 1337 1296 1433 symubolicao'onm

204 1449 314 1532 juncta
327 1456 376 1521 est
394 1444 624 1529 epistolica.
668 1442 862 1528 Quanquam
876 1445 962 1508 enim
972 1465 1053 1530 opus
1064 1445 1274 1534 inscriptione

205 1567 236 1634 1,
257 1563 341 1626 1-3.
369 1548 408 1614 ad
434 1545 625 1635 prophetica
643 1567 752 1632 ¹opera
781 1547 922 1616 refertur
942 1563 975 1614 at
996 1552 1089 1637 longa
1110 1543 1273 1618 visionum

204 1677 429 1724 connexarum
449 1652 547 1716 series
570 1651 607 1715 C.
628 1659 735 1748 4322,
747 1659 779 1722 5.
800 1673 881 1736 quae
899 1654 1063 1737 potissima
1076 1657 1182 1748 operis
1198 1674 1273 1744 pars
1381 1679 1385 1689 ’
1413 1647 1416 1664 ⁴

116 1763 118 1770 ’
205 1775 269 1842 ost,
289 1759 460 1827 lectoribus
481 1753 576 1818 certis
597 1775 665 1818 non
687 1755 845 1820 destinata
863 1770 929 1837 est,
950 1772 1059 1824 tamen
1077 1773 1108 1824 et
1129 1761 1168 1823 ab
1184 1763 1274 1826 initio
1355 1795 1360 1802 ,

124 1918 128 1926 -
186 1867 300 1934 ”libelli
327 1879 362 1948 1,
383 1870 470 1938 1-9.
498 1859 661 1923 Johannes
691 1861 828 1926 ecclesiis
850 1864 884 1927 in
908 1862 987 1928 Asia
1010 1865 1130 1930 nsinori
1151 1877 1282 1952 septem·

206 1973 341 2036 salutem
370 1967 447 2032 dicit
474 1976 507 2028 et
533 1965 569 2028 in
596 1962 661 2027 tine
688 1965 756 2045 ejus
775 1966 828 2030 ad
858 1969 995 2033 lectores
1022 1968 1161 2059 quo-sab
1182 1969 1272 2036 initio
1347 2019 1350 2024 .
1416 1939 1417 1980 3

205 2077 360 2142 allocutus
383 2083 453 2138 erat
469 2067 553 2136 redit
575 2073 646 2151 (22,
668 2074 734 2150 16),
755 2065 976 2158 doneo'ipsis,
1010 2075 1124 2158 quibus
1146 2075 1273 2150 Paullus

205 2181 287 2244 solet
315 2169 463 2265 epistolas
493 2197 623 2256 omnes,
651 2174 760 2239 verbis
781 2195 863 2263 opus
880 2178 1025 2243 absolvat
1045 2189 1097 2256 22,
1111 2177 1172 2251 213
1206 2180 1274 2244 imo

204 2287 260 2352 vel
287 2283 422 2354 brevior
455 2279 615 2350 eb,initio
641 2279 724 2343 nisio
745 2291 781 2360 1,
804 2293 1130 2368 10·20.·p1opterea
1147 2293 1273 2350 tanturn
1312 2290 1345 2362 f
1417 2338 1418 2364 l

203 2389 378 2478 praemissa
402 2397 469 2465 est,
501 2395 538 2460 ut
557 2383 856 2470 septemepistolae
875 2382 1018 2448 minores
1040 2387 1181 2470 ejusdem
1205 2387 1276 2453 fere

206 2495 345 2566 ambitus
380 2501 412 2556 ot
441 2487 562 2554 consilii
588 2489 636 2567 (v.
655 2485 755 2568 infra)
787 2487 876 2572 quasi
907 2488 947 2552 ab
979 2490 1051 2576 ipso
1073 2492 1202 2560 Christo
1233 2493 1273 2560 ad

206 2613 333 2690 septem
356 2599 424 2666 illas
446 2593 591 2658 ecclesias
613 2592 729 2656 missae
750 2593 930 2678 cogitentur
953 2594 1005 2680 (C.
1018 2607 1049 2666 2.
1069 2593 1113 2680 3).
1148 2579 1275 2662 Ἰηῑθμ
1345 2683 1353 2688 ᾖ
1417 2663 1418 2666 ¹

204 2727 287 2772 num
308 2705 406 2792 igitur
426 2698 533 2786 operis
551 2697 628 2762 dum
647 2696 841 2783 prophetam
864 2699 990 2784 prodit,
1007 2712 1141 2764 externa
1163 2712 1273 2766 tamen

167 2827 171 2836 ·
203 2807 311 2874 forma
332 2806 479 2894 epistolae
500 2815 566 2876 est;
596 2821 675 2888 quaa
696 2801 827 2887 quidem
850 2806 931 2867 mira
952 2825 1085 2890 prorsus
1109 2815 1142 2868 et
1160 2805 1274 2890 singu·-

202 2911 277 2978 laris
298 2909 642 2974 formarum'mixtura
663 2905 825 2993 quomodo
846 2907 925 2972 oriri
944 2907 1102 2992 potuerit,
1123 2930 1165 2975 ex
1187 2919 1273 2973 tem-

202 3035 324 3104 porum
337 3013 466 3078 illorum
482 3007 666 3096 conditione
683 3010 910 3098 explicandum
922 3023 980 3074 est.
1022 3010 1157 3077 Constat
1176 3014 1274 3097 enim,

203 3118 365 3204 usquead
388 3138 510 3182 annum
533 3113 603 3180 fere
622 3122 675 3190 69.
701 3115 891 3180 Christianis
913 3126 1178 3202 praeter'paucos
1201 3117 1273 3182 sor-

205 3245 264 3288 sau
285 3221 456 3288 historicos
477 3241 545 3285 non
560 3219 673 3298 fuisse,
693 3219 808 3305 quibus
820 3219 1041 3299 erudirentur,
1062 3221 1160 3286 libros
1175 3240 1274 3308 quam-

203 3328 368 3414 epistolas,
404 3337 540 3412 tutoque
569 3347 611 3389 ex
638 3335 704 3388 tota
734 3321 863 3388 canonis
884 3323 929 3386 N.
950 3323 1002 3387 Τ.Ι
1016 3321 1148 3388 historia
1168 3326 1271 3413 colligi

191 3443 321 3520 potest,
345 3427 509 3515 epistolas,
530 3421 677 3496 Paulinas
698 3427 919 3514 potissimum,
946 3425 1094 3512 primum
1111 3419 1209 3492 fuisse'
1231 3431 1275 3514 li·¹
1320 3498 1325 3508 ,

202 3537 361 3602 bellosam
397 3533 626 3598 adhortationis
658 3546 691 3597 et
717 3532 924 3598 institutionis
953 3553 1045 3595 causa
1074 3533 1272 3620 scriptorum
1325 3539 1331 3550 “
1417 3553 1418 3560 “

60 3672 104 3690 w
201 3663 321 3733 genus,
349 3637 445 3723 idque
467 3637 658 3704 Christianis
681 3637 1018 3723 pro1susfflptop1ium.
1071 3637 1174 3723 Igitut
1195 3651 1291 3705 oum²

191 3746 366 3842 xlohannes
383 3742 508 3830 primus
527 3741 691 3826 ¹)vatu1n
713 3739 926 3805 hebraeorum
948 3761 1074 3803 morem
1095 3743 1284 3830 visionibus
1333 3765 1337 3770 ·

201 3849 327 3936 scriptis
365 3849 498 3911 coaetos
529 3843 695 3920 erudiendi
723 3855 755 3908 et
785 3845 967 3940 consolandi
999 3841 1038 3910 ad
1073 3822 1270 3914 Christianos

57 4015 59 4020 ,
135 4030 137 4034 ,
200 3951 389 4038 traduxit,
377 3974 487 4044 ipsum
510 3949 596 4035 quod
619 3948 808 4014 Christianis
824 3961 1014 4016 consuetum
1023 3962 1095 4015 etat
1109 3951 1271 4018 scribendi

906 4061 911 4068 ⁴
944 4049 957 4082 ἰ

154 4179 158 4189 =
236 4158 272 4228 1)
289 4165 390 4244 namn
403 4154 506 4214 librum
523 4157 607 4214 Euae
624 4131 719 4226 pinno
737 4159 826 4216 serius
844 4159 978 4254 seriptum
996 4140 1080 4226 puto,
1097 4175 1123 4214 v.
1138 4159 1171 4213 ad
1190 4153 1244 4228 §.³7.
1328 4139 1330 4146 ,
