2848 4682
143 377 146 386 1
226 282 492 378 26Expend.
510 303 583 352 var.
603 280 648 347 de
667 303 804 374 argum.
797 288 856 346 .et
871 281 909 346 in
911 245 1026 372 tegrit.
1042 277 1125 368 libri
1142 248 1300 373 opinion.
1383 243 1387 254 Ι

139 473 144 488 ’
227 465 343 553 quibus
377 485 498 552 poenas
533 407 717 540 minantur,
757 472 841 525 tecte
870 459 1001 546 quidem
1033 469 1066 523 at
1098 425 1302 546 prudentior-i
1332 497 1347 514 ι

185 615 187 620 -
227 587 298 637 tum
319 573 405 638 inter
432 567 569 634 Judaeos
594 569 648 632 vel
669 567 872 632 Christianos
900 564 1014 631 lectori
1033 566 1107 628 satis
1128 567 1301 653 perspicue

227 679 396 756 denotant,
431 667 592 738 vindictae
610 685 743 758 tempus
764 691 869 758 p10pe
890 672 1010 737 instare
1030 671 1133 736 solatii
1155 691 1248 736 causa
1268 683 1303 736 et

227 803 270 848 ex
302 780 442 867 justitiae
476 777 606 849 diuinae
639 777 847 890 auguratione
880 759 1059 858 affirinant,
1094 773 1206 841 futura
1238 777 1301 864 piis

226 883 421 977 speranda
411 881 519 968 impiis
547 881 719 946 metuenda
747 854 886 962 eodein
892 904 1028 969 prorsus
1055 879 1154 944 modo
1182 881 1222 946 ad
1243 905 1301 953 sua

227 993 353 1058 diversa
380 1000 529 1073 tempora
557 985 737 1082 applicant·
772 988 818 1052 sic
847 985 1065 1078 Apocalypsis
1089 981 1300 1068 hauddubie,

183 1173 186 1180 .
226 1110 262 1162 ut
288 1083 324 1161 in
351 1091 570 1159 omnibusest
599 1073 648 1156 bis
674 1091 853 1174 simillima,
888 1093 996 1160 hostes
1019 1091 1137 1179 impios
1159 1093 1310 1158 auctoris·

125 1268 128 1274 .
225 1218 373 1290 tempore
392 1199 464 1288 pio's
486 1195 675 1262 infestantes
697 1196 851 1285 indigitat.

691 1311 696 1340 ι

310 1429 355 1494 Et
378 1393 498 1494 nostris
520 1423 651 1511 quidem
683 1421 886 1512 temporibus
911 1423 968 1509 qui
993 1423 1115 1488 horum
1149 1409 1298 1488 omnium

225 1531 339 1596 oblitus
366 1547 530 1596 auctorem
554 1530 662 1594 hostes
680 1551 702 1607 ‚a
725 1553 784 1594 suo
814 1541 962 1617 tempore
990 1527 1222 1594 remotissimos
1242 1529 1297 1628 ἰη-ι

225 1649 389 1702 sectatum·
418 1659 487 1700 esse
515 1635 575 1700 sibi
605 1636 811 1722 persuadeat,
843 1639 929 1702 inter
958 1635 1048 1701 viros
1077 1655 1157 1698 vere
1186 1633 1298 1698 doctos

224 1755 254 1806 et
278 1742 425 1806 cordatos
441 1743 573 1806 *nullum
594 1741 724 1822 inveni,
757 1743 819 1806 nisi
840 1742 927 1828 quod
952 1743 985 1807 S.
1005 1739 1053 1806 V.
1076 1738 1246 1804 Steudel
1265 1737 1297 1822 1)

173 1913 174 1924 ,
220 1845 441 1914 recentissime
471 1847 609 1912 similem
637 1846 940 1934 interpretationem
968 1831 1149 1932 proposuit.
1198 1845 1331 1910 ‘Putat'

220 1955 266 2033 is,
293 1951 376 2039 opus'
397 1945 461 2016 hoo'
482 1965 669 2018 monstrare
689 1951 792 2032 velle,
824 1953 932 2038 quales
954 1949 1104 2015 fortunae
1126 1971 1216 2014 casus
1236 1970 1298 2035 per

115 2048 123 2060 “
220 2054 330 2122 varias
358 2061 471 2121 rerum
502 2058 739 2126 vicissitudines
770 2057 947 2121 immensas
978 2053 1151 2120 christiana
1170 2053 1297 2144 religio

221 2171 415 2246 expertura,
455 2173 489 2225 et
519 2163 682 2248 quomodo
722 2161 800 2228 olim
837 2179 951 2222 omnes
982 2156 1184 2246 adversarios
1220 2181 1298 2224 suos

158 2279 160 2290 ¹
204 2270 414 2352 &superatura
436 2265 487 2330 sit.
537 2265 600 2331 Cui
621 2277 731 2329 tamen
751 2264 791 2327 de
810 2273 1003 2349 argumento
1028 2263 1100 2329 libri
1121 2264 1299 2328 sententiae

88 2411 119 2438 .—
221 2372 373 2458 plun'ma
390 2362 529 2434 obstant.
585 2371 675 2436 Nam
704 2369 745 2432 ita
777 2367 1078 2464 interpretationem
1112 2369 1298 2434 historicam
1332 2407 1340 2418 ·

171 2563 172 2570 ἵ
220 2497 277 2538 seu
301 2485 374 2538 catn
394 2495 456 2560 qua
477 2485 589 2538 auctor
610 2497 629 2538 a
650 2473 780 2562 primis
777 2465 960 2540 sectoribus
982 2475 1110 2540 librum
1125 2496 1222 2540 suum
1242 2474 1298 2539 in-

220 2579 320 2664 telligi
358 2579 478 2657 voluit,
507 2599 642 2668 prorsus
678 2577 876 2665 negligentes
917 2577 957 2642 ad
989 2576 1106 2644 fictam
1133 2577 1297 2667 quandam

221 2685 397 2771 mysticam
435 2693 468 2746 et
502 2681 703 2768 allegoricam
742 2680 957 2769 confugimus.
1021 2684 1121 2750 Unde
1163 2683 1296 2750 tandem

95 2787 100 2796 ’
203 2785 361 2869 ¹constat,
393 2798 557 2852 auctorem
589 2783 629 2847 de
651 2783 919 2852 Christianorum
947 2799 1023 2875 post
1050 2791 1144 2875 plura
1172 2777 1316 2855 saecula¹
1414 2800 1417 2817 '

219 2894 317 2957 rebus
340 2893 450 2978 loqui?
491 2893 615 2956 Nonne
638 2889 814 2976 impiorum
838 2891 985 2958 oninium
1006 2915 1127 2979 poenas
1151 2906 1184 2958 et
1198 2917 1297 2957 ever-

131 2996 132 3002 '
218 2999 361 3074 sionem,
394 2983 526 3084 piorum
556 2997 691 3060 salutem
726 2997 951 3062 inconcussam
984 2997 1138 3084 proxime
1174 2999 1296 3063 instare

218 3100 408 3165 idemtidem
444 3099 609 3166 testatur?
639 3108 643 3117 '
672 3099 915 3187 Negabimusne
941 3100 1154 3182 Christianos
1185 3105 1298 3170 'seculi

218 3203 319 3291 primi
339 3204 499 3288 plurimos
516 3225 592 3268 cum
610 3203 778 3289 Apostolis
791 3187 992 3292 principibus
1011 3205 1151 3272 reditum
1173 3206 1296 3272 Christi

219 3308 412 3395 proximum
442 3321 475 3392 et
501 3309 600 3404 regni
619 3309 763 3375 melioris
785 3311 938 3392 (milliarii
959 3313 1139 3378 secundum
1159 3311 1296 3400 Apoea-

218 3411 332 3498 lypsin
361 3415 451 3493 ΜΟ)
479 3413 744 3479 instaurationem
776 3419 1001 3504 exspectasse?
1041 3419 1165 3484 Nonne
1195 3419 1295 3505 igitur

218 3519 329 3606 omnia
352 3539 454 3603 usque
483 3517 522 3582 ad
551 3520 738 3584 milliarium
766 3517 830 3584 hoc
857 3543 999 3608 propere
1030 3535 1295 3609 eventuraspe-

146 3715 150 3726 Α
219 3621 304 3685 ravit
331 3621 467 3688 auctor?
509 3625 582 3691 Nec
611 3625 721 3690 minor
751 3625 788 3692 in
812 3619 945 3713 singulis
974 3623 1153 3692 difficultas.
1193 3627 1294 3694 'Nam

126 3855 134 3882 ⁸
257 3862 286 3925 1)
309 3860 401 3916 Ueber
429 3863 474 3918 die
503 3865 623 3937 richtige
654 3857 882 3937 Auffassungeart
915 3867 963 3919 der
990 3863 1171 3937 Apokalypse
1205 3872 1237 3921 in
1264 3867 1293 3922 b.

187 3928 198 3996 ¹·
290 3948 460 4022 Bangelii
476 3951 583 4009 rl'rohiv
599 3955 647 4010 fiir
664 3958 710 4011 die
728 3957 885 4024 Theologie
910 3957 944 4008 T.
953 3957 1030 4010 Vlll.
1047 3976 1075 4027 p.
1082 3965 1235 4038 285-332;
1261 3965 1293 4011 in

291 4041 387 4094 multis
404 4041 480 4095 haud
498 4044 631 4099 absimilis
650 4059 707 4102 erat
724 4049 859 4101 sententia
879 4043 1015 4100 Storrii
1037 4065 1069 4101 n.
1085 4043 1225 4118 Apologia
1242 4047 1293 4127 der

290 4131 402 4188 ottenb.
428 4149 456 4201 p.
465 4140 519 4194 278
538 4151 597 4206 sqq.
