2802 4684
233 303 321 406 eso'
357 323 400 394 11.
427 297 606 392 Visiones.
644 317 704 412 m.
723 329 756 400 ρ.
789 285 1123 409 l...3.c.p.13,
1152 298 1211 395 11.

234 507 360 606 justitia
382 506 537 590 postulat,
556 505 650 594 eique
668 527 687 568 e
707 489 760 568 dei
779 473 920 568 vindicis
942 491 1092 565 mandato
1115 493 1326 596 pereundum

236 605 304 670 est,
327 603 363 653 ut
384 586 470 654 infra
491 614 517 654 c.
528 601 579 665 19.
603 593 808 678 probabitur3
829 587 1005 651 vindictam
1018 582 1262 664 baudeffugret‚
1280 577 1326 642 cf.
1380 569 1381 660 l

237 707 443 776 22.11·12·
490 693 563 776 Qui
584 694 815 788 αἰχμαλωσίαν
839 683 975 778 συνάγει
997 670 1181 781 litigii&
1208 683 1327 752 Amos
1381 705 1382 780 q

239 815 277 881 1,
299 809 332 873 6.
356 803 411 864 vel
431 801 510 882 tssgl,
535 801 616 893 1·to
642 801 695 865 Ps.
717 807 778 876 68,
798 807 851 872 19.
877 795 972 862 Num.
994 809 1052 876 21,
1075 810 1104 868 1.
1125 794 1239 872 QGhr.
1267 795 1333 869 28,'

240 897 293 960 17.
321 879 539 973 captivorum
566 883 706 952 turbam
735 884 812 974 (boo
840 883 929 946 enim
957 895 1007 946 est
1036 879 1247 972 niypuiwuioc
1283 901 1330 941 ex
1381 943 1382 986 p

42 997 44 1016 ¹
140 1005 159 1054 ¹.
240 975 441 1049 hebraismo,
458 993 558 1058 ,quem
578 972 731 1036 nonnulli
752 969 906 1034 evitaturi
939 971 987 1042 εἰς
1007 968 1211 1032 inseruerunt
1242 977 1329 1027 ante
1381 989 1382 1026 α

241 1055 352 1148 alypi.)
372 1054 486 1144 cogit,
515 1056 545 1120 is
578 1055 616 1122 in
646 1053 890 1142 captivitatem
918 1052 1044 1140 agitur
1070 1051 1203 1134 (cedit),
1241 1052 1329 1114 lusu
1381 1057 1382 1088 ³

240 1144 339 1209 simul
368 1141 506 1227 quodam
539 1144 722 1204 verborum.
754 1127 817 1206 ὧδέ
837 1141 928 1206 ἐστιν
958 1135 1016 1202 luc
1041 1145 1093 1201 eet
1114 1145 1330 1200 sanctorum

241 1225 441 1294 constantia
461 1234 495 1288 et
506 1219 604 1310 fides
625 1228 648 1288 i.
664 1249 694 1290 e.
716 1225 772 1288 hic
793 1243 913 1300 cernas,
935 1233 1087 1310 quantum
1103 1224 1222 1286 sanctis
1267 1243 1331 1282 ro-

241 1314 286 1378 sit
306 1311 487 1374 constantia
508 1309 634 1400 fideque
667 1312 793 1388 coelum
813 1309 950 1386 mereri,
979 1303 1099 1386 cf.14‚
1121 1319 1172 1380 12.
1259 1306 1330 1384 ide,

136 1397 139 1409 ¹
242 1419 338 1486 quam
358 1395 456 1460 miser
476 1396 584 1460 exitus
607 1397 737 1484 piorum
759 1396 912 1484 praemiis
935 1395 1105 1480 oppositus
1125 1396 1170 1458 sit
1193 1390 1243 1479 ¹).

328 1531 354 1570 c.
381 1517 431 1584 13,
454 1520 567 1580 11·18.
616 1507 756 1573 Tertius
777 1508 816 1572 ad
842 1509 904 1570 hos
923 1505 1188 1586 accedit,Ghristi
1210 1505 1331 1594 reique

244 1594 438 1658 christianae
458 1595 610 1658 inimicus
632 1589 973 1682 pseudopbroplreto,
1000 1605 1037 1656 ut
1061 1594 1227 1679 prioribus
1257 1595 1332 1656 mi-

244 1701 306 1744 nor
327 1680 435 1766 iisque
455 1681 605 1744 minister
627 1692 752 1742 tantum
772 1690 804 1741 et
825 1677 1038 1758 consiliorum
1067 1671 1195 1773 adjutor
1216 1677 1328 1756 datus,

184 1825 189 1835 ,
244 1767 292 1828 ila
319 1765 457 1848 singulis
489 1767 677 1828 christianis
714 1787 773 1850 pro
800 1767 849 1825 ior
881 1759 1202 1852 formidolosiorque.
1261 1763 1350 1827 Hic'

246 1853 334 1918 enim
351 1872 551 1937 quascunque
567 1853 745 1939 prophelae
768 1787 844 1912 linei
861 1849 1027 1935 imprimis
1043 1849 1082 1912 ad
1099 1849 1235 1914 deorum
1251 1852 1326 1912 cul-

141 1975 146 1984 ·
247 1949 317 2000 tum
344 1937 672 2024 superstitionemque
700 1935 788 2021 plebi
816 1936 900 1998 male
929 1947 1036 1998 cautae
1067 1935 1326 2022 persuadendam

247 2021 594 2110 commendandamque
607 2021 787 2084 moliuntur
808 2035 901 2098 artes,
923 2022 1161 2108 quibuscunque
1180 2023 1326 2084 miracu-
1384 2077 1385 2080 ,

246 2109 290 2170 lis
314 2108 412 2171 fidem
433 2109 496 2170 sibi
518 2109 690 2173 conciliare
712 2107 860 2182 student,
877 2119 992 2170 cuncta
1013 2128 1051 2170 ea
1073 2107 1113 2168 ad
1134 2105 1326 2170 Potentiae

247 2191 429 2255 Romanae
450 2205 483 2256 et
504 2191 659 2257 Neronis
679 2194 842 2278 imprimis
858 2192 1006 2259 divinum
1025 2193 1146 2256 cultum
1168 2192 1325 2254 affectan-

246 2279 291 2340 tis
312 2275 514 2374 majestatem
545 2273 826 2366 adorationemque
855 2276 1326 2364 horninibusupersuadendam

245 2363 398 2440 adhibet3
430 2375 466 2426 ut
494 2363 641 2450 potentia
672 2365 770 2427 simul
797 2364 911 2427 nitens
932 2361 1018 2428 haud
1048 2363 1174 2444 vulgari
1194 2385 1266 2430 non
1286 2361 1325 2424 ad

248 2449 389 2533 impium
421 2460 547 2513 tantum
579 2450 676 2512 illum
713 2449 851 2512 Neronis
882 2450 1003 2512 cultum
1032 2448 1181 2531 divinum
1218 2449 1327 2534 pluri-

231 2554 324 2598 mos
344 2532 472 2596 seducat
492 2535 577 2598 suala
598 2547 727 2612 cautos,
753 2532 809 2597 sed
825 2536 1046 2598 ornnesetiam
1067 2536 1200 2598 omnino
1216 2537 1326 2619 impe·

161 2625 164 2632 '
250 2621 294 2682 rii
315 2621 421 2696 cives,
443 2618 510 2682 nisi
531 2619 631 2686 saluti
650 2641 724 2683 suae
740 2619 824 2682 rnale
843 2621 1027 2706 prospicere
1043 2621 1164 2696 velint,
1184 2617 1324 2683 Neronis

234 2704 287 2770 ‘se
316 2725 429 2768 servos
460 2705 662 2791 cultoresque
690 2703 817 2792 publice
846 2706 994 2791 profiteri
1014 2718 1116 2788 coget.
1171 2702 1213 2766 Ut
1235 2707 1323 2776 enim

250 2793 429 2877 prophetae
458 2811 574 2852 verum
603 2792 756 2878 piumque
785 2790 838 2853 dei
864 2791 984 2854 cultum
1005 2789 1204 2877 praedicant,
1234 2813 1324 2853 corn-

250 2875 403 2940 mendant
424 2876 652 2962 miraculisque
673 2899 714 2939 ex
736 2876 828 2940 illius
845 2877 918 2938 aevi
943 2876 1077 2956 ingenio
1094 2898 1326 2962 nonnunquam

250 2963 374 3048 populo
398 2961 590 3047 persuadere
612 2959 758 3040 student,
786 2973 883 3048 utque
906 2983 1003 3048 supra
1025 2973 1082 3038 11,
1104 2972 1210 3032 3-12
1236 2962 1325 3026 Mes-
1369 2961 1372 2970 ⁴

251 3049 318 3109 siae
351 3047 527 3132 prophetas
560 3045 641 3110 duos
668 3047 743 3132 pios
773 3047 929 3134 probique
952 3045 1005 3110 dei
1039 3047 1142 3110 cultus
1176 3067 1323 3111 suasores

197 3187 208 3196 ,
250 3131 440 3216 praecedere
474 3125 632 3210 vidimus,
667 3135 713 3194 ita
740 3143 776 3194 ut
805 3127 1010 3196 Antichristo
1042 3133 1325 3220 pseudopropheta

251 3213 350 3312 hujus
371 3218 491 3279 cultum
515 3215 619 3280 simili
638 3219 785 3302 potentie
806 3218 968 3282 miraculis
984 3239 1109 3306 quoque
1130 3229 1219 3284 aucta
1240 3220 1324 3282 inter

252 3301 398 3382 singulos
414 3302 566 3366 homines
588 3301 812 3366 commendans
830 3314 862 3366 et
876 3296 1050 3399 injungens
1069 3304 1253 3390 praecedat,
1275 3325 1325 3367 res

252 3386 326 3470 ipse
346 3389 509 3471 postulare
530 3385 679 3466 videtur3
700 3410 804 3476 neque
825 3385 964 3451 defuisse
995 3389 1051 3476 qui
1078 3389 1148 3452 illis
1166 3392 1327 3476 tempori,-¹

252 3473 311 3534 bus
339 3471 570 3556 prophetarum
597 3494 717 3537 nomen
746 3485 778 3538 et
809 3475 1030 3537 auctoritatem
1057 3475 1122 3537 sibi
1143 3497 1214 3538 arro
1238 3487 1325 3538 antes

254 3557 410 3642 vanisque
432 3560 616 3621 sermonum
638 3553 857 3645 factorumque
880 3557 1030 3622 ludibriis
1058 3572 1183 3642 utentes
1208 3499 1326 3624 liteni-

253 3664 353 3729 aeque
374 3640 527 3704 adventui
548 3643 610 3704 ·vel
642 3645 701 3706 alii
731 3645 864 3708 eventui
892 3645 983 3726 gravi
1009 3648 1160 3731 proxime
1192 3645 1327 3710 instanti

253 3728 412 3816 populum
437 3730 474 3790 in
502 3727 701 3808 Palaestina,
728 3725 899 3816 Aegypto,
932 3725 1012 3792 Asia
1042 3732 1162 3794 minori
1191 3733 1327 3820 aliisque

290 3899 319 3962 1)
337 3907 461 3952 ceterum
479 3914 515 3951 ex
533 3896 578 3952 bis
598 3899 728 3956 omuibus
746 3901 854 3967 elucet,
871 3917 928 3956 nou
946 3904 1013 3956 satis
1031 3899 1101 3954 bene
1119 3899 1241 3956 belluam
1258 3903 1327 3956 hauc

214 3983 216 3988 ·
263 3991 266 4003 .
324 3967 495 4020 idololatriae
511 3982 619 4023 tautum
638 3971 778 4028 Romanae
795 3971 828 4041 (i.
847 3991 872 4026 e·
890 3975 1014 4042 gentilis)
1030 3977 1152 4042 ,siguum
1170 3991 1185 4025 a
1204 3973 1285 4029 Grot.
1302 3985 1327 4028 ot

326 4037 428 4092 Eicbh·
445 4039 645 4096 essehabitam.
681 4043 807 4098 Similem
824 4041 967 4098 fictionem
985 4042 1070 4096 babes
1087 4048 1119 4096 iu
1137 4045 1228 4103 tEsr.
1247 4055 1333 4106 c.11-.

225 4134 227 4142 .
328 4117 372 4170 111·
391 4109 439 4165 ubi
458 4111 553 4182 aquila
570 4115 735 4181 (lmperium
754 4113 928 4183 Romanum)
947 4131 1009 4168 cum
1028 4114 1079 4168 alis
1099 4115 1235 4167 duodecim
1261 4123 1282 4172 i.
1306 4135 1327 4170 e.

250 4199 253 4202 ·
326 4181 543 4250 liuperatoribus
562 4199 678 4252 surgens
697 4187 866 4256 depingitur.
