2802 4684
140 267 388 419 Il..Visiones.
438 297 499 370 III.
519 309 551 382 2·
579 295 620 370 Αἵ
639 324 670 370 a·
681 295 725 380 ⁹2·
749 253 849 406 Cap-¹,
862 313 922 394 13,
948 313 983 384 3·
1002 315 1036 388 4·
1098 319 1173 398 227
1202 248 1204 257 ⁴

84 484 228 566 illorum
247 483 389 572 capitum
410 481 1170 574 v.1„i.e.Principum‚'lmperatorumRo·
1214 487 1220 494 ’
1267 493 1269 500 ’

82 593 259 634 manorum
289 593 390 652 unum
418 569 523 634 occisi
553 570 654 634 instar
685 574 808 636 vidisse
839 573 934 636 dicat.
989 574 1168 642 Rumorem

81 658 190 738 igitur
211 655 252 718 de
271 655 398 722 Nerone
420 656 507 719 haud
526 656 683 720 trucidato
707 659 764 722 sed
786 660 921 723 vulnere
942 659 1034 723 letali
1054 677 1187 726 sanato,

82 759 132 806 ex
160 738 296 804 Oriente
322 756 493 806 reversuro
522 741 577 804 hic
606 742 724 806 inserit
752 757 857 823 vates,
900 745 941 808 de
974 769 1036 833 quo
1071 770 1168 834 supra

81 851 122 916 p.
144 831 284 899 47—51.
311 823 416 890 fusius
444 827 565 892 dictum
598 840 659 902 est.
714 829 824 898 Εἶδον
854 842 928 893 ante
953 833 1041 916 μίαν
1069 835 1167 900 multi
1235 855 1256 888 υ

80 915 174 977 male
194 913 359 991 inserunt,
380 924 490 1001 potest
503 914 600 986 enim
620 913 675 976 hic
695 915 892 978 accusativus
913 915 1055 1003 simplex
1076 917 1166 996 sarri,
1314 918 1325 930 '

84 999 130 1064 de
153 1003 217 1086 duo
234 1021 267 1062 v.
289 1020 322 1085 p.
337 1001 391 1070 44.
412 1008 543 1076 notata3
564 998 604 1061 de
625 991 668 1074 ὥς
689 1002 879 1076 (maritatus
900 1002 939 1064 ad
960 997 1096 1068 mortem
1109 1027 1166 1066 us-

81 1106 167 1172 que,
185 1083 210 1146 i.
232 1105 261 1148 e.
282 1081 420 1150 vulnere
434 1081 531 1148 detali
552 1083 683 1148 affectus
703 1080 905 1162 videbatur,
928 1088 1031 1168 signis
1054 1101 1086 1153 et
1105 1097 1172 1153 ve-'
1209 1129 1213 1144 ι

81 1171 196 1252 stigiis
219 1169 254 1232 id
274 1171 543 1248 monstrantibus)
564 1191 598 1232 v.
615 1169 654 1232 od
671 1178 710 1245 5,
732 1175 763 1238 6.
809 1174 911 1241 ‚1440
951 1169 993 1236 Et'
1011 1170 1166 1238 hactenus

80 1257 218 1344 quidem
238 1277 339 1335 unum
363 1257 427 1318 hoc
447 1265 542 1342 caput
558 1277 629 1318 cum
651 1255 767 1317 ceteris
783 1192 958 1342 descripsit
972 1271 1081 1336 vates,
1099 1256 1164 1359 jam
1225 1245 1229 1256 .

14 1369 25 1380 ³
81 1349 166 1406 vero
189 1342 378 1422 singulatim
399 1363 500 1406 unum
520 1343 606 1403 hunc
627 1341 812 1426 Principem
840 1342 975 1406 vulnere
1004 1345 1090 1432 quod
1110 1348 1162 1408 le—

79 1428 153 1490 tale
187 1427 355 1502 uidebatur
384 1439 494 1505 sanato
526 1421 741 1512 prodeuntem
773 1425 814 1508 ¹)
858 1426 1054 1517 satanaeque
1083 1441 1166 1495 mox‘
1211 1461 1227 1500 ,·
1297 1423 1300 1497 ζ
1392 1490 1395 1504 ,

80 1513 235 1600 potentia
253 1523 467 1576 sustentatum
486 1509 634 1577 omnium
654 1514 691 1574 in
714 1533 749 1573 se
780 1525 1022 1579 convertentem
1052 1517 1162 1580 oculos
1268 1535 1269 1538 ’

80 1599 308 1685 depingit,ut
328 1600 435 1664 bellua
463 1597 581 1662 dehinc
609 1595 790 1662 Neronem
813 1599 916 1678 magis
939 1603 1062 1678 solum,
1091 1601 1169 1675 Ro·¹
1250 1599 1252 1608 ’

79 1704 198 1750 manae
219 1685 384 1771 potentiae
406 1684 591 1757 dominum,
612 1693 716 1744 notet.
760 1681 796 1743 Si
817 1684 906 1746 enim
925 1680 1087 1749 Neronem
1107 1690 1164 1750 in-

80 1773 219 1859 opinato
241 1771 355 1834 vivum
376 1771 413 1834 in
436 1769 595 1833 ditionem
614 1765 794 1830 Romanam
813 1765 976 1834 re'vertere
997 1775 1178 1858 potentia--

81 1877 149 1944 que
170 1857 269 1919 simul
289 1855 375 1918 haud
395 1875 495 1942 parva
525 1865 658 1918 conatus
689 1853 765 1916 suos
791 1848 944 1950 adjuvare
974 1859 1161 1938 cogitamus,
1212 1875 1215 1878 '

65 1984 68 1988 -
105 1955 239 2005 uantum
260 1941 319 2004 ille
340 1953 507 2027 stuporem
527 1941 641 2027 suique
657 1939 904 2004 admirationem
917 1963 1060 2020 movere,
1082 1959 1162 2031 quot

50 2057 55 2069 r
79 1965 255 2092 gaesarum
275 2038 422 2090 veterum
443 2021 586 2089 familiae
604 2019 752 2088 fauentes
768 2045 875 2088 secum
893 2047 1005 2112 rapere
1024 2033 1162 2110 cogitari

78 2125 192 2201 potest
201 2107 226 2176 i'
235 2134 346 2176 nonne
360 2113 390 2175 is
406 2113 494 2176 vitae
510 2111 680 2196 inopinato
695 2109 840 2174 redditus
856 2134 928 2174 cum
942 2115 953 2173 i
979 2135 1016 2175 so
1029 2111 1161 2178 Christo

67 2202 173 2284 uitae
194 2197 319 2262 reddito
342 2209 462 2262 certare
484 2194 676 2262 videbatur?
710 2215 821 2276 nonne
851 2219 924 2263 eum
946 2135 1075 2262 (ihristo
1105 2223 1162 2264 ae-

81 2286 211 2374 qualem
234 2285 289 2348 vel
313 2304 349 2347 su
375 2285 513 2348 ociorem
536 2301 649 2346 omnes
677 2281 872 2346 christianus
904 2281 981 2346 odio
1004 2285 1160 2350 habentes
1234 2307 1239 2312 ·

76 2365 202 2434 'mmtni
223 2365 327 2432 facere
346 2307 523 2434 debebant?
545 2364 602 2447 (cf.
625 2390 659 2455 p·
679 2371 733 2439 49.
757 2372 816 2448 50)
843 2367 944 2454 quue
965 2369 1074 2455 ipsum
1093 2367 1179 2466 jam'

82 2457 338 2520 demonstratum
362 2455 391 2517 it
406 2468 514 2533 vates,
535 2453 696 2518 Neronem
718 2452 807 2516 vitae
825 2453 985 2517 redditum
1007 2477 1025 2518 a
1046 2461 1160 2521 multis

80 2541 218 2619 Christo,
236 2542 402 2630 aequalem
422 2541 533 2603 haberi
556 2541 726 2686 ipsumque
747 2533 878 2602 fortuna
906 2541 1026 2604 elatum
1055 2543 1159 2621 deum,

82 2625 267 2705 Christum,
300 2624 504 2690 Christianos
532 2626 568 2688 in
584 2636 687 2687 estare
716 2621 794 2686 odio
823 2625 1013 2688 insatiabili.
1055 2626 1158 2709 Igitur

81 2733 219 2796 vulnere
246 2733 337 2794 letali
367 2724 403 2816 (ἦ
425 2721 538 2816 πληγὴ
559 2729 620 2796 aori
647 2714 806 2795 durium}
827 2722 932 2796 αὐτοῦ
960 2715 1055 2792 tuto
1076 2731 1159 2812 ”332
1229 2777 1233 2782 «

38 2838 48 2874 -·
81 2831 194 2882 sanato
224 2839 298 2882 eum
328 2817 476 2888 videntes
509 2816 660 2878 homines
690 2834 803 2876 omnes
830 2806 1030 2899 ἐθαύμασεν
1052 2808 1159 2882 ὀπίσω

81 2897 187 2972 αὐτοῦ
208 2903 231 2966 i.
249 2925 279 2966 e.
301 2898 536 2966 admiratione
558 2897 662 2961 ducti·
679 2919 757 2961 eum
786 2896 1031 2985 sequebantur,
1064 2903 1177 2963 locu-'

79 3009 171 3074 tione
191 3029 324 3096 prorsus
349 3009 484 3070 hebraea
506 3008 618 3093 ἸἾΠζέ
644 3007 742 3100 Ἠηῃ
762 3018 798 3070 ut
820 2981 945 3100 mimi?
975 2998 1158 3094 'tm'cum
1236 3059 1274 3109 χι,

81 3124 228 3188 tremore
247 3109 382 3176 obviam
404 3119 503 3173 'ruere
526 3120 543 3179 1
567 3105 652 3168 Satn.
673 3117 725 3186 21,
745 3119 777 3181 2.
808 3111 902 3188 'NT-N!
928 3111 1001 3189 νηὶ),
1031 3108 1155 3172 irreti-
1259 3122 1265 3139 ‘

80 3207 157 3262 tum
178 3197 275 3284 aequi
292 3195 448 3282 aliquem
469 3193 564 3258 Dent·
587 3202 637 3268 12,
651 3201 712 3266 303
735 3189 776 3256 cf.
798 3215 845 3275 gr.
869 3183 960 3255 hebr.
983 3199 1100 3276 pero.
1114 3228 1158 3242 -
1175 3188 1181 3198 „,

80 3281 127 3345 V.
147 3287 178 3354 4.
221 3282 362 3370 Moxque
383 3281 535 3342 homines
559 3279 656 3362 impii
678 3275 802 3342 Christi
833 3277 932 3340 fidem
960 3275 1047 3340 haud
1077 3301 1157 3366 pro-
1216 3321 1217 3324 =

35 3408 41 3420 ι
80 3371 209 3448 fitentes
236 3379 330 3450 *tanto
359 3365 514 3430 miraculo
545 3365 627 3426 moti
657 3383 725 3424 noa
753 3364 900 3426 Satanam
927 3374 1052 3426 tantum
1080 3367 1158 3438 sub-

79 3457 177 3518 misse
196 3463 405 3534 venerantur,
438 3467 539 3536 a'quo
561 3469 629 3510 rem
650 3459 716 3508 tam
735 3450 852 3510 miram
881 3459 1064 3511 tantamrue
1093 3473 1157 3536 po-

79 3542 213 3603 tentiam
234 3537 379 3601 effectam
401 3536 514 3599 vident
543 3530 707 3620 (Serenam
735 3533 867 3596 adorare
897 3545 945 3595 est
977 3473 1165 3598 Christano

80 3646 147 3688 non
173 3625 336 3700 venerari,
369 3621 516 3686 consulto
552 3618 746 3703 despicere),
786 3617 844 3682 sed·
870 3615 1031 3682 Neronem
1060 3620 1157 3680 etiam
1185 3632 1187 3636 ’

78 3709 215 3772 Messias
238 3711 399 3774 aemulum
419 3717 506 3769 tanta
535 3714 684 3768 ornatum
714 3704 918 3779 auctoritate3
971 3705 1038 3766 imo
1070 3705 1157 3767 huno

78 3793 180 3857 deum
200 3796 319 3857 habent
341 3813 500 3856 summum
526 3787 704 3877 quendam,
743 3791 793 3860 cui
826 3810 921 3851 nemo
954 3789 1158 3874 aequiparari
1185 3862 1187 3878 Ι
1222 3793 1223 3800 ’

79 3891 172 3968 queat
194 3881 260 3964 (rig
280 3876 398 3965 ὅμοιος
418 3879 462 3967 τῷ
484 3876 616 3969 θηριίμρἱ
625 3875 789 3938 locutione
812 3895 855 3938 ex
876 3873 922 3937 V.
939 3873 979 3936 T.
1003 3875 1175 3954 desumtag.

111 4078 141 4141 1)
159 4075 230 4130 Nam
247 4078 318 4130 rnale
337 4075 434 4130 Heinr.
455 4081 492 4127 aa>
512 4073 649 4140 tripartita
674 4071 707 4124 de
727 4067 999 4142 plusquamperfecto
1026 4061 1174 4142 exponit?

147 4157 178 4197 at
197 4158 323 4199 sonatum
341 4159 418 4212 erun
438 4162 501 4200 nam
520 4151 611 4215 ipsum
631 4149 722 4198 sartari
740 4145 816 4210 ridet
834 4156 918 4198 rates.

906 4241 989 4348 15*
