2774 4688
219 311 295 384 270
344 291 387 368 lli
411 292 587 403 Visiones.
609 293 670 408 lii.
687 305 721 372 Q.
746 292 788 364 Β.
807 301 841 406 3.
864 318 893 364 0,
908 319 947 388 p,
970 295 1056 391 cap,
1075 309 1135 394 17,
1158 310 1192 380 8·
1229 346 1233 356 ¹
1351 159 1354 330 l

218 479 295 546 fatis
316 473 496 566 tripartitus
516 477 587 540 hic:
610 471 646 562 u)
667 479 845 540 belloacae
866 476 1003 541 Neronis
1025 479 1218 562 significatio
1248 493 1279 546 et

143 615 145 622 >
218 565 320 632 fatum
349 567 491 628 breviter
517 577 548 626 et
575 565 664 649 qnasi
689 566 953 648 praecipitantius
977 565 1166 629 describitur
1193 589 1229 630 v.
1249 580 1280 637 8.

216 652 346 720 Battus
360 671 465 737 quam
484 645 583 710 modo
603 645 729 710 uidisti
750 670 783 715 v.
805 659 837 719 3.
864 658 941 711 erat
962 659 998 722 et
1019 667 1086 714 non
1109 663 1180 732 esi,
1206 641 1282 740 qnia
1354 663 1355 686 ¹

216 739 302 802 Nero
326 748 471 820 tempore
493 733 601 817 operis
623 733 737 818 scripti
757 757 856 814 regno
873 756 931 796 suo
948 733 1135 822 ditioneque
1150 760 1282 800 romana

142 881 145 898 ,
216 826 331 911 pulsus
350 831 418 886 erat
449 837 617 902 caesusque
638 819 837 896 credebatur3
866 819 921 882 sed
952 841 1023 882 cum
1054 843 1133 884 mox
1163 827 1280 886 mortis

215 909 359 995 periculo
391 913 538 989 ereptus,
570 904 623 964 vel
653 915 690 964 ut
720 904 919 980 credebatur,
951 905 1038 968 vitae
1068 907 1212 971 redditus
1239 931 1281 972 ex

123 997 125 1004 ’
216 991 349 1057 Oriente
375 991 539 1068 rediturus
566 987 749 1066 videretur,
780 989 867 1052 addit
893 1000 987 1052 vates
1009 997 1044 1052 et
1072 1013 1281 1056 ascensurus

215 1089 268 1143 est
287 1101 330 1141 ex
350 1096 444 1153 orco,
465 1095 507 1136 ex
526 1068 644 1144 inferis
664 1076 846 1152 restitutus,
871 1073 987 1138 Sataua
1008 1077 1096 1162 quasi
1117 1098 1200 1155 eum,
1224 1080 1282 1166 qui

159 1158 161 1166 ’
214 1183 324 1228 caesus
347 1172 493 1226 mortuus
517 1179 558 1220 ue
579 1158 764 1238 videbatur,
793 1173 924 1224 sanante
958 1155 1013 1238 (cs.
1035 1169 1092 1239 13,
1115 1172 1147 1233 2.
1167 1165 1216 1243 3.)
1249 1175 1282 1230 et

214 1273 257 1314 ex
278 1270 353 1310 orco
375 1245 478 1324 (unde
494 1181 564 1314 dira
586 1246 694 1308 omnia
712 1258 745 1307 et
766 1257 833 1310 atra
853 1255 882 1322 9,
903 1248 940 1325 2)
968 1247 1087 1309 iterum
1115 1248 1280 1330 educente,
1316 1324 1320 1332 Ι

182 1349 191 1370 ·
239 1346 312 1398 rout
328 1327 399 1430 ,jam
418 1353 454 1393 su
481 1351 514 1392 ra
536 1339 586 1404 11¹,
607 1339 638 1400 7.
679 1325 905 1398 Antichristus
934 1352 976 1394 ex
998 1353 1073 1394 orco
1092 1351 1281 1398 ascensurus

213 1357 393 1494 dicebatum
415 1351 478 1480 sed
492 1414 631 1500 denique
653 1412 722 1500 (nbi
742 1418 789 1478 ita
812 1418 949 1480 interra
969 1437 1026 1502 per
1049 1427 1176 1503 tempus
1200 1429 1251 1490 13,
1259 1429 1279 1488 5
1355 1483 1356 1488 ,

212 1509 423 1574 constitutum
442 1495 572 1584 saeviit)
602 1497 640 1562 in
658 1499 849 1584 perniciem
870 1509 966 1577 ruet,
993 1503 1156 1580 interibit,
1187 1503 1280 1567 Mes·
1355 1499 1356 1556 i

212 1595 260 1656 sia
281 1591 403 1660 scilicet
424 1608 498 1650 eum
512 1586 692 1650 debellante
711 1597 744 1646 et
764 1585 938 1662 occidente,
958 1597 994 1648 ut
1013 1586 1165 1652 disertius
1182 1595 1279 1660 v.=14.

213 1677 346 1752 dicitur,
368 1685 401 1738 et
421 1671 582 1760 quomodo
602 1681 708 1732 ratum
728 1671 785 1734 fiat
806 1679 857 1750 19,
874 1680 917 1741 20
939 1669 1137 1738 describitur.
1162 1670 1193 1760 ¹)
1217 1673 1278 1737 liis

210 1767 312 1847 igitur
355 1761 440 1822 aucis
461 1758 588 1820 concise
607 1754 780 1819 admodum
799 1767 848 1833 et,
875 1757 942 1826 nisi
962 1757 1001 1820 ad
1021 1768 1206 1844 temporum
1236 1762 1279 1822 il-

209 1853 317 1914 lorum
365 1843 511 1909 'storiam
530 1841 744 1918 attendimus,
779 1844 958 1922 aenigmate
984 1844 1148 1906 obscurius
1180 1845 1278 1908 dictis

210 1947 300 1998 totus
323 1932 470 1998 omnium
492 1949 572 2014 quae
592 1925 633 1990 de
653 1927 782 1990 Nerone
803 1923 1021 1990 Antichristo,
1038 1939 1071 1990 et
1089 1933 1278 1994 metueban-

117 2043 118 2054 ¹
211 2037 261 2084 tur
294 2029 327 2080 et
356 2017 564 2102 sperabantur
592 2013 729 2076 ambitus
756 2014 955 2088 continetur,
992 2034 1091 2100 eaque
1123 2014 1276 2105 deinceps
1356 2049 1357 2056 κ

208 2107 319 2193 paullo
341 2099 446 2164 fusius
467 2097 658 2184 explicanda
681 2096 746 2160 sibi
768 2097 859 2161 videt
879 2111 986 2175 vates3
1017 2099 1073 2160 hic
1092 2121 1192 2164 unum
1213 2103 1276 2164 hoc

175 2253 178 2272 ,
207 2196 239 2256 ei
263 2181 435 2280 adjungere
457 2187 579 2272 placet,
599 2183 761 2246 Neronem
781 2184 828 2244 sic
848 2183 995 2246 reducem
1012 2185 1159 2249 omnium
1179 2209 1276 2272 prae-

170 2279 173 2288 “
207 2291 256 2342 ter
278 2275 484 2339 Christianos
500 2273 581 2356 pios
602 2270 774 2335 hominum
794 2263 849 2355 (cf.
874 2279 924 2346 13,
943 2279 976 2342 8.
996 2268 1037 2360 ad
1051 2291 1146 2358 quem
1166 2273 1275 2339 locum

206 2355 392 2448 respicitur)
414 2355 660 2420 admirationem
682 2355 987 2440 venerationemque
1016 2356 1053 2418 in
1080 2375 1115 2418 se
1136 2379 1276 2421 conver-

208 2467 318 2510 surum
336 2463 421 2520 esse,
443 2443 518 2528 qnia
538 2441 600 2502 hoc
620 2442 730 2524 ipsum
749 2440 868 2500 mirum
889 2459 1020 2524 prorsus
1047 2451 1080 2502 et
1110 2438 1273 2523 singulare
1357 2459 1358 2502 t

206 2534 337 2608 vident,
360 2527 445 2618 quod
467 2527 550 2588 Nero
572 2527 626 2610 qni
648 2525 730 2586 olim
742 2522 919 2608 Imperator
932 2536 966 2587 et
983 2527 1069 2588 inter
1087 2527 1184 2590 vivos
1199 2525 1294 2605 tuin·
1357 2577 1358 2584 .

205 2641 291 2682 nunc
310 2638 371 2705 que
383 2633 451 2676 non
468 2631 538 2676 esse
551 2609 701 2685 creditur,
722 2620 830 2672 tamen
850 2607 967 2672 aderit
984 2609 1186 2696 (παρέσται),
1206 2611 1273 2676 ad-

129 2704 135 2714 '
205 2701 339 2781 veniet3
360 2709 506 2786 stupent
535 2690 602 2788 jam
623 2694 817 2781 adorantque
831 2696 881 2756 ob
902 2715 982 2756 mox
1003 2694 1173 2760 adventuri
1195 2711 1231 2760 et
1254 2721 1272 2762 e

79 2855 84 2868 ,
206 2799 311 2866 morte
332 2787 422 2872 quasi
435 2781 579 2848 ,redituri
598 2801 779 2855 rumorem3
809 2779 848 2842 de
876 2799 939 2866 quo
962 2799 993 2842 v.
1013 2791 1084 2842 not.
1105 2781 1145 2846 ad
1167 2793 1219 2859 13,
1240 2793 1271 2854 3.

188 2871 259 2945 ’4.’
283 2851 345 2936 Sed
367 2891 426 2956 pro
455 2869 510 2933 uui
533 2866 695 2951 παρέσται
728 2863 818 2928 codd.
841 2873 873 2926 et
904 2863 975 2926 edd.
1005 2866 1124 2928 multae
1153 2868 1272 2930 habent

184 2958 327 3044 ’καίπερ
346 2955 437 3021 ἐστίν
456 2950 547 3038 quod
567 2971 635 3012 noa
655 2958 707 3012 est
726 2969 926 3034 quanquam
949 2959 1016 3028 eet,
1036 2951 1153 3012 alicubi
1172 2953 1271 3029 adest,

205 3043 345 3128 ideoque
366 3059 445 3102 mox
467 3033 631 3098 advenire
646 3035 778 3119 potest,
800 3053 818 3096 a
840 3030 966 3096 Griesb.
992 3029 1155 3121 rejectum.
1208 3038 1270 3100 Sed

206 3147 385 3215 quanquam
403 3121 542 3204 καΐπερ,
574 3139 652 3204 quae
672 3139 741 3179 vox
761 3119 798 3182 in
819 3117 858 3179 N.
878 3117 920 3180 T.
941 3120 1103 3184 rarissime
1124 3144 1184 3184 nec
1204 3127 1270 3186 nisi

207 3235 278 3276 cum
304 3208 477 3296 participio
507 3211 543 3268 in
571 3203 852 3266 enunciationibus
878 3204 1010 3266 insertis
1038 3207 1157 3286 legitur
1191 3204 1270 3284 (loci

208 3311 321 3362 omnes
339 3305 413 3358 sunt
439 3291 526 3354 ttrit.
547 3297 579 3366 3,
599 3300 630 3359 4·
660 3287 758 3350 Hebr·
780 3299 810 3364 5,
830 3297 862 3358 8·
883 3297 914 3364 7,
932 3296 964 3358 5·
986 3301 1036 3367 12,
1058 3303 1109 3361 17.
1141 3303 1162 3364 2
1183 3291 1268 3357 l'etr.

108 3383 112 3396 “
206 3397 236 3460 1,
259 3377 338 3464 t2),
358 3381 409 3445 in
436 3373 635 3462 Apocalypsi
656 3384 782 3458 praeter
804 3373 890 3436 hunc
910 3374 1018 3436 iocum
1044 3397 1112 3438 non
1132 3377 1218 3440 redit
1237 3391 1269 3442 et

203 3469 258 3530 hic
278 3467 363 3532 ande
381 3473 597 3526 constructum
617 3473 666 3521 est
687 3457 909 3546 (quodtemen
930 3461 1051 3524 auctori
1073 3455 1170 3524 facile
1190 3485 1269 3528 con·

237 3675 267 3738 1)
284 3673 327 3726 De
351 3672 463 3727 Nerone
488 3671 582 3722 locum
603 3685 687 3738 agere
705 3669 800 3722 Patres
818 3671 988 3738 antiquiores
1005 3686 1140 3724 consensu
1157 3670 1285 3734 tradunt¹

272 3743 426 3812 (Lanctant.
444 3743 478 3795 de
496 3754 577 3793 mon.
595 3757 701 3807 perses.
719 3757 743 3790 c.
755 3750 783 3800 2.
803 3739 940 3808 Sulpitius
959 3740 1021 3794 ch.
1033 3745 1069 3794 ΙΙ.
1096 3758 1124 3809 p.
1141 3747 1205 3802 367.
1224 3743 1265 3794 ed.

235 3807 242 3824 ⁹
272 3815 362 3868 Horu.
381 3813 462 3880 etc.);
481 3825 577 3880 estque
595 3829 627 3864 ea
644 3815 833 3876 interpretatio
852 3815 933 3863 unice
953 3829 1026 3866 vera.
1069 3811 1180 3866 Ceteras
1198 3831 1264 3881 quas

273 3899 355 3953 caput
370 3886 424 3936 hoc
442 3897 588 3950 expertum
612 3892 653 3934 est
669 3885 926 3948 interpretationes,
955 3899 1019 3934 cum
1042 3882 1190 3936 manifesto
1212 3884 1265 3936 iai·

272 3973 318 4008 sae
336 3961 405 4020 sint,
424 3959 580 4008 examinare
598 3954 639 4005 nil
657 3958 763 4007 attinet·
806 3955 846 4005 Ita
872 3949 947 4020 quod
974 3952 1196 4006 Lakemacberus
1215 3955 1264 4006 ob-

271 4039 380 4079 servati.
398 4044 466 4078 sacr.
491 4025 523 4077 P.
540 4027 567 4082 3.
595 4023 848 4092 ρ.-285-299.,Ρ.
873 4031 916 4081 10.
945 4037 971 4090 p.
991 4031 1044 4084 247
1069 4041 1110 4094 sq.
1146 4035 1264 4092 etpost

269 4113 333 4148 enm
350 4095 490 4150 Herderus
508 4095 542 4147 de
559 4093 748 4161 Hierosolyma
766 4095 919 4160 septicolii,
938 4105 1041 4162 septeni
1059 4094 1172 4162 regibus
1192 4109 1262 4151 tecta

268 4178 320 4221 etc.
337 4159 430 4224 omitia
447 4175 604 4236 exponunt,
619 4169 711 4220 vinvito
729 4163 805 4220 baud
824 4163 908 4220 dubie
926 4177 987 4220 vate
1005 4166 1118 4261 [quiunt.
