2842 4680
239 265 316 388 156
374 303 417 372 ΙΙ.
442 297 618 371 Visiones.
632 227 707 366 ΙΙΠ.
727 309 760 378 2.
785 295 827 368 Β.
844 307 879 376 3.
902 320 931 365 c.
947 322 985 374 a,
1013 295 1100 393 cap.
1121 293 1291 395 161193.

239 489 452 576 respondent,
483 483 531 546 ita
556 481 667 547 eedem
695 499 827 568 prorsus
852 480 978 544 retione
999 482 1169 546 adornatae
1192 491 1227 542 et
1252 477 1314 543 de-
1403 495 1404 500 ’

173 609 179 616 ’
238 582 373 662 scriptae
395 582 480 636 sant.
532 565 608 650 Quo
631 568 719 630 enim
739 566 882 654 apertius
906 569 1056 632 inchoata
1076 568 1123 631 ibi
1146 577 1179 628 et
1204 567 1315 628 levius
1403 615 1404 636 y

210 663 359 728 'tentata
389 661 445 721 bic
471 655 655 739 implerier
676 655 790 739 perlici
819 653 1004 730 videmnus,
1036 657 1096 718 rel
1110 652 1316 732 singularum
1403 657 1404 692 ³

202 767 208 780 ·
263 753 405 830 legatum
431 741 618 806 distributio
646 749 678 801 et
706 741 831 825 pictura
850 741 966 802 'amice
1003 741 1067 804 sibi
1102 737 1315 824 respondent.

239 773 343 916 igitur
376 837 526 918 quotuor
553 825 681 910 priores
714 827 827 910 plagae
854 839 886 886 v.
908 835 980 898 2-9.
1012 823 1126 904 toturn
1153 823 1315 895 rnundmn

236 921 410 984 bominum
436 915 473 976 in
493 933 613 974 noxam
632 907 810 984 infestantr
842 919 912 972 tres
934 901 1316 998 posterioresgrevissi-

89 1062 92 1071 .
128 1073 135 1082 ,
191 1023 194 1028 ·
237 995 669 1082 maev.10-21.pr0pius
692 985 954 1060 astronianum
972 995 1321 1083 nuperiumllomasn-r
1390 1075 1393 1084 Ι

239 1115 300 1181 que
320 1087 470 1174 accedunt
491 1078 636 1146 funditus
660 1079 876 1146 evertendam.

249 1253 253 1262 .
323 1307 357 1348 a.
389 1275 538 1362 Quatuor
562 1228 643 1336 illae
663 1269 790 1358 priores
814 1270 925 1334 eadem
947 1256 1076 1360 quidem
1096 1292 1231 1358 prorsus
1253 1296 1317 1360 qua
1402 1289 1404 1354 1

238 1371 332 1433 tubae
351 1357 661 1448 his‘'respondentss
682 1367 714 1434 8,
737 1366 829 1434 7-12,
849 1353 995 1444 Aegypti
1015 1361 1126 1445 plagas
1145 1361 1316 1423 imitantes
1402 1361 1404 1412 f

240 1462 291 1533 (ut
308 1451 422 1517 Judaei
441 1449 572 1511 ultimas
593 1447 630 1508 in
650 1464 757 1506 rerum
778 1443 844 1506 fine
866 1445 978 1529 plagas
1006 1468 1078 1508 curu
1098 1439 1315 1531 Aegyptiacis
1402 1505 1404 1520 .

237 1538 471 1604 contendebant
482 1529 531 1608 cf.
549 1531 695 1610 Scho'ttg.
710 1519 784 1590 hor.
804 1549 839 1613 p.
851 1539 945 1600 1130.
954 1533 1022 1612 31.)
1032 1535 1186 1604 ¹terram,
1202 1551 1315 1609 mare,
1403 1577 1404 1588 .

228 1623 364 1716 floreius
385 1633 418 1685 et
439 1616 570 1682 coelum
591 1616 661 1696 (rel
678 1615 797 1692 solem)
817 1616 840 1675 i.
859 1635 888 1676 e.
908 1615 1062 1678 mundum
1082 1609 1187 1678 t'otum
1208 1619 1315 1679 attin-

120 1769 151 1778 ,.
238 1722 334 1793 gunt,
354 1709 457 1770 tribus
477 1706 596 1766 iterum
616 1701 780 1787 prioribus
802 1719 835 1760 v.
856 1709 951 1771 2-7,
973 1702 1086 1764 eodem
1106 1703 1204 1765 modo
1228 1723 1313 1788 pro-
1403 1723 1404 1726 =

236 1799 312 1884 pius
339 1787 459 1892 junctis
488 1800 521 1852 et
549 1799 697 1874 aquarta
722 1784 868 1870 paullum
891 1786 1051 1850 distinctis
1071 1783 1127 1866 (cf.
1147 1811 1180 1876 p.
1198 1783 1312 1868 174.);

238 1895 272 1945 at
296 1879 364 1976 jam
385 1878 454 1952 nbn
473 1873 585 1938 tertiae
606 1883 709 1934 terrae
729 1873 831 1956 parti,
860 1891 912 1934 ser
933 1873 999 1935 toti
1018 1871 1158 1951 nocent3.
1181 1895 1312 1958 poena-

144 2025 152 2044 Χ
237 1989 298 2055 que
310 1964 460 2046 ¹singulis
481 1958 595 2024 mundi
615 1957 759 2044 partibus
780 1956 903 2020 inflicta
931 1953 999 2022 nori
1019 1970 1086 2021 tam
1105 1959 1165 2022 has
1186 1963 1223 2024 in
1242 1960 1311 2020 ho-

233 2057 512 2118 minum'noxam
546 2037 679 2126 infestat
711 2063 806 2128 quarn
837 2042 990 2108 homines
1022 2045 1137 2130 ips0s3
1175 2056 1212 2107 ut
1241 2041 1311 2142 jem

235 2141 345 2201 omnia
376 2135 569 2197 immaniora
599 2149 709 2192 cernas
742 2139 776 2190 et
807 2127 930 2191 ultima.
1000 2123 1072 2196 Hoc
1107 2151 1186 2202 vero
1219 2131 1310 2194 inter

236 2245 350 2287 omnes
377 2223 487 2308 plagas
516 2217 575 2278 has
595 2215 727 2276 ultimas
748 2213 855 2282 multo.
873 2214 999 2300 saepius
1026 2228 1059 2278 et
1078 2217 1210 2297 gravius
1230 2237 1309 2278 mo-

234 2321 345 2386 netur,
373 2309 498 2392 impios
526 2302 580 2364 his
605 2321 731 2448 (poaque
751 2293 944 2396 justissimis
966 2302 1041 2364 licet
1059 2304 1176 2388 poenis
1201 2305 1309 2364 obsti-

148 2416 152 2434 ·
234 2402 346 2459 natum
372 2395 516 2456 animum
546 2387 609 2448 han
652 2391 800 2461 fmutem,
828 2387 896 2448 imo
918 2389 1085 2474 impietate
1105 2398 1231 2452 summa
1253 2411 1308 2452 se-

190 2471 194 2482 ’
235 2481 347 2544 ductos
382 2479 419 2540 in
447 2463 543 2537 daim
571 2472 796 2534 vehementius
826 2475 1007 2536 exacerbari
1031 2495 1067 2538 .v.
1089 2485 1121 2545 5.
1143 2484 1175 2546 7.
1197 2485 1229 2548 9.
1254 2488 1307 2546 11.

233 2555 288 2636 14.
309 2575 362 2636 21.
384 2563 438 2624 cll·
459 2571 489 2636 9,
511 2569 564 2630 20·
587 2566 639 2626 21·
666 2589 710 2602 -·
751 2555 849 2628 ΧΗ.
897 2555 1025 2622 Prima
1049 2561 1144 2645 plaga
1171 2570 1307 2623 terram
1402 2615 1403 2628 ,

234 2638 455 2724 coutinentem
476 2649 522 2707 ite
542 2640 656 2720 afficit,
677 2653 714 2704 ut
734 2641 817 2704 cutis
838 2643 1010 2707 hominum
1030 2645 1209 2732 impiorum
1228 2641 1307 2709 An·

230 2737 418 2828 tichristunp
446 2731 624 2795 colentium
655 2732 721 2804 (13,
745 2731 896 2798 14-13-
919 2737 970 2804 14,
991 2740 1022 2802 9·
1045 2735 1112 2812 10.)
1142 2733 1306 2796 ulceribus

165 2811 168 2832 ¹
232 2817 400 2908 pestiferis
423 2811 539 2898 (κακὸν
563 2816 619 2883 καὶ
641 2804 811 2904 πονηρόν,
840 2811 1027 2876 admodum
1049 2813 1209 2892 noxium,
1249 2819 1307 2880 in-

233 2925 374 2987 sanabile
385 2911 489 2993 asle-1
499 2919 595 2982 Deut.
617 2927 669 2994 28,
681 2925 734 2988 35.
751 2939 811 3004 pro
830 2940 892 3006 quo
915 2893 1040 3008 11111Πῇ
1056 2897 1148 2994 ‘2qu
1165 2901 1307 2998 1551111
1378 2909 1380 2914 ’

218 3031 267 3072 -v.
288 3007 355 3092 27.)
376 3010 559 3087 obtegatur..
605 3001 681 3066 Tali
700 2994 790 3066 enim
809 3005 899 3091 lepra
920 3005 974 3067 vel
996 3005 1212 3089 elephantiasi
1232 2999 1306 3070 A'e-'

156 3091 169 3176 J
232 3097 355 3180 gyptiis
381 3097 476 3156 tetris
503 3089 742 3155 humidioribus
772 3085 937 3177 frequente
969 3085 1154 3175 Aegyptios
1182 3091 1305 3156 olima

233 3181 293 3244 deo
320 3181 441 3267 plexos.
470 3194 539 3242 esse
560 3179 689 3262 antiqua
713 3169 833 3236 ferebat
852 3175 984 3237 traditio
1006 3175 1110 3239 Exod.
1131 3185 1162 3253 95
1184 3189 1304 3256 8-11,

215 3271 270 3330 *ut
291 3265 449 3330 Israelitis
470 3267 567 3328 etiem
593 3261 704 3346 impiis
726 3253 791 3356 jam
811 3260 959 3344 pristinis
980 3263 1197 3346 aegyptiacam
1218 3263 1304 3332 hanc

232 3355 362 3439 plagam
385 3353 524 3414 minatus
545 3349 588 3410 sit
608 3345 746 3429 scriptor
768 3341 862 3406 Deut.
883 3355 940 3422 28,
961 3353 1015 3430 27.
1036 3355 1089 3416 35.
1132 3347 1196 3410 Sed
1216 3371 1304 3434 quo-

234 3425 333 3502 modo
363 3457 434 3510 curn
464 3435 573 3520 patine
598 3432 658 3492 bac
684 3431 740 3492 vel
761 3425 890 3492 fervore
912 3451 1007 3518 quern
1028 3431 1171 3494 continet
1192 3431 1304 3496 aestu-
1400 3427 1402 3442 ⁴

17 3561 18 3568 .
122 3531 129 3542 ’
232 3535 306 3586 ante
335 3523 413 3584 haec
436 3541 547 3608 poene
575 3519 745 3580 cohaereat
764 3511 910 3602 profecto
931 3537 998 3579 non
1022 3529 1072 3578 est
1095 3518 1180 3604 quod
1201 3541 1303 3606 quae·
1401 3547 1402 3560 ¹

231 3630 350 3672 ramus.
370 3606 500 3693 ἐγένετο
518 3610 565 3678 εἰς
587 3615 638 3665 est
660 3601 746 3687 quod
766 3623 827 3664 nos
852 3601 988 3664 dicimus
1009 3611 1125 3665 ortum
1145 3612 1215 3676 est,
1242 3625 1304 3668 ve-

232 3712 288 3774 nit
308 3699 356 3774 u‘d
375 3709 545 3781 laomines,'
564 3721 600 3772 ut
629 3683 678 3791 ’711
704 3705 774 3794 HN
797 3704 861 3768 Jar.
883 3718 911 3785 1,
928 3711 960 3778 4.
984 3707 1034 3778 11.Ι
1054 3728 1097 3770 ne
1118 3709 1165 3782 εἷς
1182 3731 1244 3794 pro
1266 3712 1304 3775 ἐν

178 3861 180 3868 ,
231 3799 376 3882 positum
396 3806 500 3881 putes.
528 3827 572 3839 -
614 3791 659 3854 V.
685 3803 717 3862 3.
755 3789 914 3856 Secunda
935 3793 1029 3878 plaga
1048 3812 1144 3854 mare
1165 3795 1202 3856 in
1223 3815 1303 3857 sarr-

229 3885 359 3962 guinem
383 3880 559 3955 convertit,
596 3880 711 3940 vivum
743 3900 838 3940 omne
870 3881 1021 3959 sanguini
1050 3877 1186 3939 bibendo
1213 3879 1303 3942 haud
1372 3917 1376 3940 r

172 4011 175 4018 ·
229 3981 390 4030 assuetum
415 3987 551 4042 necans3
582 3966 667 4050 quod
695 3965 750 4026 hic
778 3963 892 4026 eodem
919 3985 961 4026 ex
993 3961 1082 4028 sonte
1104 3964 1304 4054 descriptum

229 4065 279 4116 est
313 4053 398 4116 unde
426 4049 536 4113 eadem
564 4046 631 4114 fere
659 4053 765 4130 imago
787 4054 824 4113 in
843 4053 935 4112 tubae
958 4049 1111 4112 secundae
1132 4051 1301 4144 mentione
1401 4049 1402 4052 ’

150 4183 152 4187 ι
225 4137 321 4202 fluxit
340 4151 371 4216 8,
392 4150 424 4208 8.
446 4149 477 4210 9.
499 4133 587 4222 αἷμα
608 4129 650 4208 oie
671 4136 789 4222 vesperi
809 4147 859 4201 est
882 4133 1031 4220 sategeris
1051 4136 1188 4212 multus,
1209 4145 1300 4222 quasi

526 4443 535 4492 l
570 4485 572 4490 .
