<?xml version="1.0" encoding="UTF-8"?>
<!DOCTYPE html PUBLIC "-//W3C//DTD XHTML 1.0 Transitional//EN"
    "http://www.w3.org/TR/xhtml1/DTD/xhtml1-transitional.dtd">
<html xmlns="http://www.w3.org/1999/xhtml" xml:lang="en" lang="en">
 <head>
  <title>
</title>
<meta http-equiv="Content-Type" content="text/html;charset=utf-8" />
  <meta name='ocr-system' content='tesseract 3.04.00' />
  <meta name='ocr-capabilities' content='ocr_page ocr_carea ocr_par ocr_line ocrx_word'/>
</head>
<body>
  <div class='ocr_page' id='page_1' title='image "./commentariusina01ewalgoog_0173.png"; bbox 0 0 2802 4684; ppageno 0'>
   <div class='ocr_carea' id='block_1_1' title="bbox 245 275 1123 413">
    <p class='ocr_par' dir='ltr' id='par_1_1' title="bbox 245 275 1141 436">
     <span class='ocr_line' id='line_1_1' title="bbox 245 275 1123 413; baseline -0.019 -11"><span class='ocrx_word' id='word_1_1' title='bbox 245 275 344 411; x_wconf 45' lang='lat' dir='ltr'><strong>sot,</strong></span> <span class='ocrx_word' id='word_1_2' title='bbox 433 319 476 388; x_wconf 89' lang='lat'><strong>11.</strong></span> <span class='ocrx_word' id='word_1_3' title='bbox 502 313 677 392; x_wconf 69' lang='lat' dir='ltr'><strong>visiones.</strong></span> <span class='ocrx_word' id='word_1_4' title='bbox 728 316 760 386; x_wconf 72' lang='lat'><strong>1:</strong></span> <span class='ocrx_word' id='word_1_5' title='bbox 778 328 813 408; x_wconf 80' lang='lat'><strong>3,</strong></span> <span class='ocrx_word' id='word_1_6' title='bbox 834 327 865 398; x_wconf 67' lang='grc'><strong>1.</strong></span> <span class='ocrx_word' id='word_1_7' title='bbox 919 317 1013 413; x_wconf 51' lang='lat' dir='ltr'><strong>cap„</strong></span> <span class='ocrx_word' id='word_1_8' title='bbox 1029 329 1065 406; x_wconf 82' lang='lat'><strong>7,</strong></span> <span class='ocrx_word' id='word_1_9' title='bbox 1089 331 1123 409; x_wconf 82' lang='lat'><strong>9.</strong></span> 
     </span>
    </p>
   </div>
   <div class='ocr_carea' id='block_1_2' title="bbox 179 497 1326 740">
    <p class='ocr_par' dir='ltr' id='par_1_2' title="bbox 179 497 1326 740">
     <span class='ocr_line' id='line_1_2' title="bbox 215 497 1324 590; baseline -0.002 -23"><span class='ocrx_word' id='word_1_10' title='bbox 215 565 217 574; x_wconf 79' lang='grc'>,</span> <span class='ocrx_word' id='word_1_11' title='bbox 246 512 368 573; x_wconf 84' lang='lat' dir='ltr'><strong>mutato</strong></span> <span class='ocrx_word' id='word_1_12' title='bbox 399 513 433 566; x_wconf 89' lang='lat' dir='ltr'><strong>et</strong></span> <span class='ocrx_word' id='word_1_13' title='bbox 465 521 484 564; x_wconf 83' lang='lat' dir='ltr'><strong>e</strong></span> <span class='ocrx_word' id='word_1_14' title='bbox 518 497 679 564; x_wconf 87' lang='lat' dir='ltr'><strong>scribendi</strong></span> <span class='ocrx_word' id='word_1_15' title='bbox 705 499 898 590; x_wconf 81' lang='lat' dir='ltr'><strong>compendio</strong></span> <span class='ocrx_word' id='word_1_16' title='bbox 925 499 968 566; x_wconf 88' lang='lat' dir='ltr'><strong>de</strong></span> <span class='ocrx_word' id='word_1_17' title='bbox 994 500 1144 572; x_wconf 80' lang='lat' dir='ltr'><strong>Manesse</strong></span> <span class='ocrx_word' id='word_1_18' title='bbox 1161 501 1324 588; x_wconf 85' lang='lat' dir='ltr'><strong>explicito</strong></span> 
     </span>
     <span class='ocr_line' id='line_1_3' title="bbox 179 583 1326 740; baseline 0.003 -92"><span class='ocrx_word' id='word_1_19' title='bbox 179 637 181 648; x_wconf 79' lang='grc'>,</span> <span class='ocrx_word' id='word_1_20' title='bbox 249 601 352 740; x_wconf 62' lang='lat' dir='ltr'><strong>prtem</strong></span> <span class='ocrx_word' id='word_1_21' title='bbox 380 595 485 665; x_wconf 63' lang='lat' dir='ltr'><strong>esse,</strong></span> <span class='ocrx_word' id='word_1_22' title='bbox 506 587 535 649; x_wconf 92' lang='lat' dir='ltr'><strong>si</strong></span> <span class='ocrx_word' id='word_1_23' title='bbox 562 585 784 667; x_wconf 80' lang='lat' dir='ltr'><strong>ingeniosam,</strong></span> <span class='ocrx_word' id='word_1_24' title='bbox 820 599 854 652; x_wconf 93' lang='lat' dir='ltr'><strong>at</strong></span> <span class='ocrx_word' id='word_1_25' title='bbox 881 598 966 652; x_wconf 90' lang='lat' dir='ltr'><strong>certe</strong></span> <span class='ocrx_word' id='word_1_26' title='bbox 995 583 1326 675; x_wconf 72' lang='lat' dir='ltr'><strong>frustra‘conceptam</strong></span> 
     </span>
     <span class='ocr_line' id='line_1_4' title="bbox 274 695 790 738; baseline -0.012 -1"><span class='ocrx_word' id='word_1_27' title='bbox 274 695 349 738; x_wconf 64' lang='lat'><strong>1038·</strong></span> <span class='ocrx_word' id='word_1_28' title='bbox 382 730 384 736; x_wconf 93' lang='lat'><em>.</em></span> <span class='ocrx_word' id='word_1_29' title='bbox 787 701 790 715; x_wconf 70' lang='lat'><em>¹</em></span> 
     </span>
    </p>
   </div>
   <div class='ocr_carea' id='block_1_3' title="bbox 71 775 1394 3945">
    <p class='ocr_par' dir='ltr' id='par_1_3' title="bbox 71 775 1394 3945">
     <span class='ocr_line' id='line_1_5' title="bbox 295 775 1328 882; baseline 0 -36"><span class='ocrx_word' id='word_1_30' title='bbox 295 851 300 866; x_wconf 18' lang='grc' dir='ltr'><strong><em>κ</em></strong></span> <span class='ocrx_word' id='word_1_31' title='bbox 333 789 368 866; x_wconf 76' lang='lat'><strong>2)</strong></span> <span class='ocrx_word' id='word_1_32' title='bbox 388 795 420 866; x_wconf 89' lang='lat'><strong>7,</strong></span> <span class='ocrx_word' id='word_1_33' title='bbox 440 793 557 860; x_wconf 83' lang='lat'><strong>9-17.</strong></span> <span class='ocrx_word' id='word_1_34' title='bbox 597 780 684 847; x_wconf 90' lang='lat' dir='ltr'><strong>Haec</strong></span> <span class='ocrx_word' id='word_1_35' title='bbox 711 781 787 846; x_wconf 91' lang='lat' dir='ltr'><strong>dum</strong></span> <span class='ocrx_word' id='word_1_36' title='bbox 816 795 985 871; x_wconf 83' lang='lat' dir='ltr'><strong>geruntur,</strong></span> <span class='ocrx_word' id='word_1_37' title='bbox 1017 805 1088 848; x_wconf 89' lang='lat' dir='ltr'><strong>ecce</strong></span> <span class='ocrx_word' id='word_1_38' title='bbox 1104 775 1171 882; x_wconf 85' lang='lat' dir='ltr'><strong>jam</strong></span> <span class='ocrx_word' id='word_1_39' title='bbox 1193 795 1328 872; x_wconf 83' lang='lat' dir='ltr'><strong>tempus</strong></span> 
     </span>
     <span class='ocr_line' id='line_1_6' title="bbox 206 869 1327 960; baseline -0.003 -25"><span class='ocrx_word' id='word_1_40' title='bbox 206 889 220 906; x_wconf 54' lang='lat'><strong>⁸</strong></span> <span class='ocrx_word' id='word_1_41' title='bbox 251 871 394 952; x_wconf 85' lang='lat' dir='ltr'><strong>effluxit,</strong></span> <span class='ocrx_word' id='word_1_42' title='bbox 429 894 492 960; x_wconf 87' lang='lat' dir='ltr'><strong>quo</strong></span> <span class='ocrx_word' id='word_1_43' title='bbox 524 879 703 950; x_wconf 42' lang='lat' dir='ltr'><strong>martyrum*</strong></span> <span class='ocrx_word' id='word_1_44' title='bbox 735 869 828 955; x_wconf 85' lang='lat' dir='ltr'><strong>copia</strong></span> <span class='ocrx_word' id='word_1_45' title='bbox 857 871 936 933; x_wconf 81' lang='lat' dir='ltr'><strong>setis</strong></span> <span class='ocrx_word' id='word_1_46' title='bbox 964 889 1079 952; x_wconf 87' lang='lat' dir='ltr'><strong>magna</strong></span> <span class='ocrx_word' id='word_1_47' title='bbox 1112 873 1327 934; x_wconf 88' lang='lat' dir='ltr'><strong>occumberet.</strong></span> 
     </span>
     <span class='ocr_line' id='line_1_7' title="bbox 250 948 1326 1047; baseline 0 -28"><span class='ocrx_word' id='word_1_48' title='bbox 250 957 383 1047; x_wconf 77' lang='lat' dir='ltr'><strong>lamque</strong></span> <span class='ocrx_word' id='word_1_49' title='bbox 405 960 461 1043; x_wconf 87' lang='lat' dir='ltr'><strong>qui</strong></span> <span class='ocrx_word' id='word_1_50' title='bbox 481 957 571 1042; x_wconf 90' lang='lat' dir='ltr'><strong>prius</strong></span> <span class='ocrx_word' id='word_1_51' title='bbox 593 960 623 1040; x_wconf 85' lang='lat'><strong>6,</strong></span> <span class='ocrx_word' id='word_1_52' title='bbox 642 966 693 1026; x_wconf 94' lang='grc'><strong>11.</strong></span> <span class='ocrx_word' id='word_1_53' title='bbox 711 956 890 1040; x_wconf 76' lang='lat' dir='ltr'><strong>exspectari</strong></span> <span class='ocrx_word' id='word_1_54' title='bbox 910 948 993 1047; x_wconf 75' lang='lat' dir='ltr'><strong>jussi</strong></span> <span class='ocrx_word' id='word_1_55' title='bbox 1014 965 1089 1019; x_wconf 90' lang='lat' dir='ltr'><strong>sunt</strong></span> <span class='ocrx_word' id='word_1_56' title='bbox 1111 967 1270 1036; x_wconf 77' lang='lat' dir='ltr'><strong>martyres</strong></span> <span class='ocrx_word' id='word_1_57' title='bbox 1286 957 1326 1019; x_wconf 92' lang='lat' dir='ltr'><strong>in</strong></span> 
     </span>
     <span class='ocr_line' id='line_1_8' title="bbox 250 1039 1330 1124; baseline -0.002 -18"><span class='ocrx_word' id='word_1_58' title='bbox 250 1057 335 1106; x_wconf 85' lang='lat' dir='ltr'><strong>terra</strong></span> <span class='ocrx_word' id='word_1_59' title='bbox 361 1054 434 1124; x_wconf 79' lang='lat' dir='ltr'><strong>ante</strong></span> <span class='ocrx_word' id='word_1_60' title='bbox 465 1039 626 1105; x_wconf 85' lang='lat' dir='ltr'><strong>vindictae</strong></span> <span class='ocrx_word' id='word_1_61' title='bbox 645 1039 779 1103; x_wconf 89' lang='lat' dir='ltr'><strong>initium</strong></span> <span class='ocrx_word' id='word_1_62' title='bbox 798 1041 970 1120; x_wconf 85' lang='lat' dir='ltr'><strong>caedendi,</strong></span> <span class='ocrx_word' id='word_1_63' title='bbox 994 1041 1156 1104; x_wconf 80' lang='lat' dir='ltr'><strong>laboribus</strong></span> <span class='ocrx_word' id='word_1_64' title='bbox 1175 1043 1212 1108; x_wconf 92' lang='lat' dir='ltr'><strong>in</strong></span> <span class='ocrx_word' id='word_1_65' title='bbox 1233 1063 1330 1104; x_wconf 88' lang='lat' dir='ltr'><strong>sum-</strong></span> 
     </span>
     <span class='ocr_line' id='line_1_9' title="bbox 251 1117 1329 1208; baseline -0.003 -17"><span class='ocrx_word' id='word_1_66' title='bbox 251 1129 324 1192; x_wconf 49' lang='lat' dir='ltr'><strong>mis,</strong></span> <span class='ocrx_word' id='word_1_67' title='bbox 357 1149 415 1208; x_wconf 87' lang='lat' dir='ltr'><strong>uae</strong></span> <span class='ocrx_word' id='word_1_68' title='bbox 438 1124 632 1190; x_wconf 86' lang='lat' dir='ltr'><strong>christianos</strong></span> <span class='ocrx_word' id='word_1_69' title='bbox 653 1146 821 1188; x_wconf 90' lang='lat' dir='ltr'><strong>mansurae</strong></span> <span class='ocrx_word' id='word_1_70' title='bbox 841 1139 931 1192; x_wconf 85' lang='lat' dir='ltr'><strong>erant</strong></span> <span class='ocrx_word' id='word_1_71' title='bbox 946 1117 1180 1190; x_wconf 74' lang='lat' dir='ltr'><strong>calamitatibus</strong></span> <span class='ocrx_word' id='word_1_72' title='bbox 1193 1121 1329 1190; x_wconf 86' lang='lat' dir='ltr'><strong>fortiter</strong></span> 
     </span>
     <span class='ocr_line' id='line_1_10' title="bbox 253 1151 1328 1300; baseline -0.002 -24"><span class='ocrx_word' id='word_1_73' title='bbox 253 1151 426 1276; x_wconf 51' lang='lat' dir='ltr'><strong>exsufflatis</strong></span> <span class='ocrx_word' id='word_1_74' title='bbox 447 1208 594 1296; x_wconf 77' lang='lat' dir='ltr'>(v.14.),</span> <span class='ocrx_word' id='word_1_75' title='bbox 620 1211 657 1273; x_wconf 92' lang='lat' dir='ltr'><strong>in</strong></span> <span class='ocrx_word' id='word_1_76' title='bbox 677 1213 804 1275; x_wconf 88' lang='lat' dir='ltr'><strong>coelum</strong></span> <span class='ocrx_word' id='word_1_77' title='bbox 824 1211 1032 1277; x_wconf 86' lang='lat' dir='ltr'><strong>advenientes</strong></span> <span class='ocrx_word' id='word_1_78' title='bbox 1054 1233 1072 1275; x_wconf 90' lang='lat' dir='ltr'><strong>a</strong></span> <span class='ocrx_word' id='word_1_79' title='bbox 1092 1223 1167 1276; x_wconf 82' lang='lat' dir='ltr'><strong>vate</strong></span> <span class='ocrx_word' id='word_1_80' title='bbox 1188 1213 1328 1300; x_wconf 80' lang='lat' dir='ltr'><strong>conspi-</strong></span> 
     </span>
     <span class='ocr_line' id='line_1_11' title="bbox 254 1291 1328 1444; baseline -0.003 -82"><span class='ocrx_word' id='word_1_81' title='bbox 254 1303 389 1362; x_wconf 89' lang='lat' dir='ltr'><strong>ciuntur.</strong></span> <span class='ocrx_word' id='word_1_82' title='bbox 432 1297 484 1360; x_wconf 84' lang='lat' dir='ltr'><strong>Sic</strong></span> <span class='ocrx_word' id='word_1_83' title='bbox 505 1299 605 1379; x_wconf 83' lang='lat' dir='ltr'><strong>igitur</strong></span> <span class='ocrx_word' id='word_1_84' title='bbox 622 1291 690 1444; x_wconf 72' lang='lat' dir='ltr'><strong>p&#39;pm</strong></span> <span class='ocrx_word' id='word_1_85' title='bbox 711 1299 873 1384; x_wconf 89' lang='lat' dir='ltr'><strong>completo</strong></span> <span class='ocrx_word' id='word_1_86' title='bbox 895 1297 982 1385; x_wconf 86' lang='lat' dir='ltr'><strong>quod</strong></span> <span class='ocrx_word' id='word_1_87' title='bbox 1001 1299 1133 1362; x_wconf 79' lang='lat' dir='ltr'><strong>visione</strong></span> <span class='ocrx_word' id='word_1_88' title='bbox 1153 1298 1212 1360; x_wconf 88' lang='lat' dir='ltr'><strong>illa</strong></span> <span class='ocrx_word' id='word_1_89' title='bbox 1233 1305 1265 1376; x_wconf 87' lang='lat'><strong>6,</strong></span> <span class='ocrx_word' id='word_1_90' title='bbox 1286 1307 1328 1372; x_wconf 91' lang='grc'><strong>9-</strong></span> 
     </span>
     <span class='ocr_line' id='line_1_12' title="bbox 244 1380 1327 1469; baseline 0.002 -23"><span class='ocrx_word' id='word_1_91' title='bbox 244 1387 306 1456; x_wconf 81' lang='grc'><strong>11.</strong></span> <span class='ocrx_word' id='word_1_92' title='bbox 328 1385 507 1451; x_wconf 72' lang='lat' dir='ltr'><strong>arctissime</strong></span> <span class='ocrx_word' id='word_1_93' title='bbox 530 1405 602 1446; x_wconf 90' lang='lat' dir='ltr'><strong>cum</strong></span> <span class='ocrx_word' id='word_1_94' title='bbox 647 1405 681 1444; x_wconf 92' lang='lat' dir='ltr'><strong>ac</strong></span> <span class='ocrx_word' id='word_1_95' title='bbox 706 1384 896 1447; x_wconf 81' lang='lat' dir='ltr'>cohaerente</span> <span class='ocrx_word' id='word_1_96' title='bbox 914 1380 1057 1448; x_wconf 80' lang='lat' dir='ltr'><strong>futurum</strong></span> <span class='ocrx_word' id='word_1_97' title='bbox 1073 1384 1327 1469; x_wconf 82' lang='lat' dir='ltr'><strong>exspectandum</strong></span> 
     </span>
     <span class='ocr_line' id='line_1_13' title="bbox 247 1467 1328 1558; baseline 0.002 -28"><span class='ocrx_word' id='word_1_98' title='bbox 247 1468 480 1551; x_wconf 31' lang='lat' dir='ltr'><strong>&#39;antron&#39;ciatum</strong></span> <span class='ocrx_word' id='word_1_99' title='bbox 496 1467 592 1544; x_wconf 74' lang='lat' dir='ltr'><strong>¹erat,</strong></span> <span class='ocrx_word' id='word_1_100' title='bbox 626 1471 782 1553; x_wconf 88' lang='lat' dir='ltr'><strong>temporis</strong></span> <span class='ocrx_word' id='word_1_101' title='bbox 812 1467 937 1557; x_wconf 78' lang='lat' dir='ltr'><strong>spatio,</strong></span> <span class='ocrx_word' id='word_1_102' title='bbox 982 1471 1212 1546; x_wconf 82' lang='lat' dir='ltr'><strong>calamitatibus</strong></span> <span class='ocrx_word' id='word_1_103' title='bbox 1228 1491 1328 1558; x_wconf 91' lang='lat' dir='ltr'><strong>-quae</strong></span> 
     </span>
     <span class='ocr_line' id='line_1_14' title="bbox 177 1547 1328 1641; baseline 0 -25"><span class='ocrx_word' id='word_1_104' title='bbox 177 1631 180 1634; x_wconf 19' lang='grc' dir='ltr'>Ι</span> <span class='ocrx_word' id='word_1_105' title='bbox 247 1547 319 1641; x_wconf 73' lang='lat' dir='ltr'><strong>,piis</strong></span> <span class='ocrx_word' id='word_1_106' title='bbox 341 1558 376 1618; x_wconf 90' lang='lat' dir='ltr'><strong>in</strong></span> <span class='ocrx_word' id='word_1_107' title='bbox 396 1567 478 1616; x_wconf 89' lang='lat' dir='ltr'><strong>terra</strong></span> <span class='ocrx_word' id='word_1_108' title='bbox 500 1556 661 1617; x_wconf 70' lang='lat' dir='ltr'><strong>instabant</strong></span> <span class='ocrx_word' id='word_1_109' title='bbox 683 1555 762 1616; x_wconf 86' lang='lat' dir='ltr'><strong>satis</strong></span> <span class='ocrx_word' id='word_1_110' title='bbox 783 1553 837 1617; x_wconf 87' lang='lat' dir='ltr'><strong>diu</strong></span> <span class='ocrx_word' id='word_1_111' title='bbox 858 1557 1012 1636; x_wconf 87' lang='lat' dir='ltr'><strong>grassatis</strong></span> <span class='ocrx_word' id='word_1_112' title='bbox 1032 1566 1065 1618; x_wconf 91' lang='lat' dir='ltr'><strong>et</strong></span> <span class='ocrx_word' id='word_1_113' title='bbox 1086 1553 1180 1618; x_wconf 77' lang='lat' dir='ltr'><strong>caede</strong></span> <span class='ocrx_word' id='word_1_114' title='bbox 1199 1567 1328 1638; x_wconf 87' lang='lat' dir='ltr'><strong>ruarty-</strong></span> 
     </span>
     <span class='ocr_line' id='line_1_15' title="bbox 248 1635 1394 1728; baseline -0.002 -28"><span class='ocrx_word' id='word_1_115' title='bbox 248 1643 327 1726; x_wconf 79' lang='lat' dir='ltr'><strong>&#39;rum</strong></span> <span class='ocrx_word' id='word_1_116' title='bbox 346 1641 434 1726; x_wconf 91' lang='lat' dir='ltr'><strong>piam</strong></span> <span class='ocrx_word' id='word_1_117' title='bbox 455 1641 629 1718; x_wconf 76' lang='lat' dir='ltr'><strong>efflantium</strong></span> <span class='ocrx_word' id='word_1_118' title='bbox 649 1639 789 1702; x_wconf 80' lang='lat' dir='ltr'><strong>anirnam</strong></span> <span class='ocrx_word' id='word_1_119' title='bbox 812 1643 957 1703; x_wconf 85' lang='lat' dir='ltr'><strong>omnium</strong></span> <span class='ocrx_word' id='word_1_120' title='bbox 971 1635 1129 1728; x_wconf 84' lang='lat' dir='ltr'><strong>perfecta,</strong></span> <span class='ocrx_word' id='word_1_121' title='bbox 1155 1641 1266 1703; x_wconf 88' lang='lat' dir='ltr'><strong>omnia</strong></span> <span class='ocrx_word' id='word_1_122' title='bbox 1288 1639 1329 1702; x_wconf 84' lang='lat' dir='ltr'><strong>nd</strong></span> <span class='ocrx_word' id='word_1_123' title='bbox 1393 1691 1394 1698; x_wconf 72' lang='grc'>,</span> 
     </span>
     <span class='ocr_line' id='line_1_16' title="bbox 254 1725 1394 1814; baseline 0.004 -28"><span class='ocrx_word' id='word_1_124' title='bbox 254 1728 359 1814; x_wconf 84' lang='lat' dir='ltr'><strong>ipsam</strong></span> <span class='ocrx_word' id='word_1_125' title='bbox 377 1725 553 1788; x_wconf 84' lang='lat' dir='ltr'><strong>vindictam</strong></span> <span class='ocrx_word' id='word_1_126' title='bbox 572 1726 790 1811; x_wconf 86' lang='lat' dir='ltr'><strong>incipiendam</strong></span> <span class='ocrx_word' id='word_1_127' title='bbox 810 1725 1061 1814; x_wconf 76' lang='lat' dir='ltr'><strong>impraeparata</strong></span> <span class='ocrx_word' id='word_1_128' title='bbox 1080 1736 1171 1804; x_wconf 90' lang='lat' dir='ltr'><strong>sunt,</strong></span> <span class='ocrx_word' id='word_1_129' title='bbox 1197 1739 1235 1788; x_wconf 92' lang='lat' dir='ltr'><strong>ut</strong></span> <span class='ocrx_word' id='word_1_130' title='bbox 1255 1747 1329 1790; x_wconf 86' lang='lat' dir='ltr'><strong>eam</strong></span> <span class='ocrx_word' id='word_1_131' title='bbox 1393 1793 1394 1802; x_wconf 49' lang='grc'>,</span> 
     </span>
     <span class='ocr_line' id='line_1_17' title="bbox 249 1808 1329 1898; baseline 0.003 -27"><span class='ocrx_word' id='word_1_132' title='bbox 249 1813 365 1890; x_wconf 71' lang='lat' dir='ltr'><strong>sstatim</strong></span> <span class='ocrx_word' id='word_1_133' title='bbox 387 1823 565 1874; x_wconf 81' lang='lat' dir='ltr'><strong>secuturam</strong></span> <span class='ocrx_word' id='word_1_134' title='bbox 584 1832 656 1874; x_wconf 90' lang='lat' dir='ltr'><strong>esse</strong></span> <span class='ocrx_word' id='word_1_135' title='bbox 678 1808 728 1896; x_wconf 84' lang='lat'><strong>(8,</strong></span> <span class='ocrx_word' id='word_1_136' title='bbox 751 1815 797 1890; x_wconf 88' lang='lat'><strong>1.)</strong></span> <span class='ocrx_word' id='word_1_137' title='bbox 818 1833 877 1898; x_wconf 84' lang='lat' dir='ltr'><strong>per</strong></span> <span class='ocrx_word' id='word_1_138' title='bbox 898 1834 933 1875; x_wconf 92' lang='lat' dir='ltr'><strong>se</strong></span> <span class='ocrx_word' id='word_1_139' title='bbox 951 1813 1046 1875; x_wconf 88' lang='lat' dir='ltr'><strong>liceat</strong></span> <span class='ocrx_word' id='word_1_140' title='bbox 1066 1812 1223 1892; x_wconf 77' lang='lat' dir='ltr'><strong>augurari.</strong></span> <span class='ocrx_word' id='word_1_141' title='bbox 1278 1809 1329 1874; x_wconf 90' lang='lat' dir='ltr'><strong>Ita</strong></span> 
     </span>
     <span class='ocr_line' id='line_1_18' title="bbox 256 1885 1394 1983; baseline 0.001 -25"><span class='ocrx_word' id='word_1_142' title='bbox 256 1885 335 1974; x_wconf 67' lang='lat' dir='ltr'><strong>uero</strong></span> <span class='ocrx_word' id='word_1_143' title='bbox 368 1893 405 1962; x_wconf 90' lang='lat' dir='ltr'><strong>in</strong></span> <span class='ocrx_word' id='word_1_144' title='bbox 441 1895 531 1959; x_wconf 84' lang='lat' dir='ltr'><strong>coelo</strong></span> <span class='ocrx_word' id='word_1_145' title='bbox 559 1909 715 1978; x_wconf 87' lang='lat' dir='ltr'><strong>martyres</strong></span> <span class='ocrx_word' id='word_1_146' title='bbox 741 1909 943 1983; x_wconf 87' lang='lat' dir='ltr'><strong>comparent,</strong></span> <span class='ocrx_word' id='word_1_147' title='bbox 979 1909 1016 1960; x_wconf 90' lang='lat' dir='ltr'><strong>ut</strong></span> <span class='ocrx_word' id='word_1_148' title='bbox 1045 1895 1162 1979; x_wconf 83' lang='lat' dir='ltr'><strong>gaudio</strong></span> <span class='ocrx_word' id='word_1_149' title='bbox 1190 1898 1329 1960; x_wconf 88' lang='lat' dir='ltr'><strong>coelesti</strong></span> <span class='ocrx_word' id='word_1_150' title='bbox 1393 1955 1394 1978; x_wconf 60' lang='lat'>,</span> 
     </span>
     <span class='ocr_line' id='line_1_19' title="bbox 251 1975 1326 2082; baseline 0.003 -39"><span class='ocrx_word' id='word_1_151' title='bbox 251 1975 473 2082; x_wconf 71' lang='lat' dir='ltr'><strong>praemiisque</strong></span> <span class='ocrx_word' id='word_1_152' title='bbox 502 1981 626 2046; x_wconf 89' lang='lat' dir='ltr'><strong>divinis</strong></span> <span class='ocrx_word' id='word_1_153' title='bbox 653 1983 876 2058; x_wconf 73' lang='lat' dir='ltr'><strong>calamitates,</strong></span> <span class='ocrx_word' id='word_1_154' title='bbox 906 2003 983 2071; x_wconf 89' lang='lat' dir='ltr'><strong>quas</strong></span> <span class='ocrx_word' id='word_1_155' title='bbox 1011 1982 1048 2047; x_wconf 90' lang='lat' dir='ltr'><strong>in</strong></span> <span class='ocrx_word' id='word_1_156' title='bbox 1075 1993 1159 2046; x_wconf 89' lang='lat' dir='ltr'><strong>terra</strong></span> <span class='ocrx_word' id='word_1_157' title='bbox 1181 2003 1326 2046; x_wconf 89' lang='lat' dir='ltr'><strong>summas</strong></span> 
     </span>
     <span class='ocr_line' id='line_1_20' title="bbox 253 2066 1330 2154; baseline 0.004 -26"><span class='ocrx_word' id='word_1_158' title='bbox 253 2080 290 2150; x_wconf 24' lang='lat' dir='ltr'><strong>,et</strong></span> <span class='ocrx_word' id='word_1_159' title='bbox 319 2069 449 2129; x_wconf 87' lang='lat' dir='ltr'><strong>ultimas</strong></span> <span class='ocrx_word' id='word_1_160' title='bbox 476 2066 573 2130; x_wconf 92' lang='lat' dir='ltr'><strong>modo</strong></span> <span class='ocrx_word' id='word_1_161' title='bbox 596 2069 723 2154; x_wconf 79' lang='lat' dir='ltr'><strong>experti</strong></span> <span class='ocrx_word' id='word_1_162' title='bbox 744 2081 820 2130; x_wconf 87' lang='lat' dir='ltr'><strong>sunt</strong></span> <span class='ocrx_word' id='word_1_163' title='bbox 840 2067 1024 2152; x_wconf 82' lang='lat' dir='ltr'><strong>christiani,</strong></span> <span class='ocrx_word' id='word_1_164' title='bbox 1057 2087 1128 2131; x_wconf 90' lang='lat' dir='ltr'><strong>com</strong></span> <span class='ocrx_word' id='word_1_165' title='bbox 1152 2069 1259 2132; x_wconf 86' lang='lat' dir='ltr'><strong>ensari</strong></span> <span class='ocrx_word' id='word_1_166' title='bbox 1281 2071 1330 2132; x_wconf 91' lang='lat' dir='ltr'><strong>si-</strong></span> 
     </span>
     <span class='ocr_line' id='line_1_21' title="bbox 237 2090 1394 2241; baseline 0.003 -26"><span class='ocrx_word' id='word_1_167' title='bbox 237 2151 326 2216; x_wconf 86' lang='lat' dir='ltr'><strong>mul</strong></span> <span class='ocrx_word' id='word_1_168' title='bbox 354 2153 464 2216; x_wconf 80' lang='lat' dir='ltr'><strong>videas</strong></span> <span class='ocrx_word' id='word_1_169' title='bbox 495 2164 593 2240; x_wconf 88' lang='lat' dir='ltr'><strong>utque</strong></span> <span class='ocrx_word' id='word_1_170' title='bbox 625 2155 704 2216; x_wconf 86' lang='lat' dir='ltr'><strong>haec</strong></span> <span class='ocrx_word' id='word_1_171' title='bbox 732 2155 837 2241; x_wconf 82' lang='lat' dir='ltr'><strong>visio,</strong></span> <span class='ocrx_word' id='word_1_172' title='bbox 868 2155 977 2240; x_wconf 87' lang='lat' dir='ltr'><strong>siqua</strong></span> <span class='ocrx_word' id='word_1_173' title='bbox 999 2153 1080 2232; x_wconf 87' lang='lat' dir='ltr'><strong>elia,</strong></span> <span class='ocrx_word' id='word_1_174' title='bbox 1108 2090 1151 2216; x_wconf 77' lang='lat' dir='ltr'><strong>ed</strong></span> <span class='ocrx_word' id='word_1_175' title='bbox 1173 2153 1329 2220; x_wconf 81' lang='lat' dir='ltr'><strong>solatium</strong></span> <span class='ocrx_word' id='word_1_176' title='bbox 1393 2185 1394 2196; x_wconf 54' lang='lat'>¹</span> 
     </span>
     <span class='ocr_line' id='line_1_22' title="bbox 71 2233 1394 2325; baseline 0.002 -28"><span class='ocrx_word' id='word_1_177' title='bbox 71 2287 73 2297; x_wconf 77' lang='grc'>,</span> <span class='ocrx_word' id='word_1_178' title='bbox 150 2239 155 2250; x_wconf 77' lang='lat'><strong><em>‘</em></strong></span> <span class='ocrx_word' id='word_1_179' title='bbox 255 2239 387 2324; x_wconf 73' lang='lat' dir='ltr'><strong>miseris</strong></span> <span class='ocrx_word' id='word_1_180' title='bbox 409 2233 426 2300; x_wconf 85' lang='lat' dir='ltr'><strong>e</strong></span> <span class='ocrx_word' id='word_1_181' title='bbox 448 2235 534 2302; x_wconf 82' lang='lat' dir='ltr'><strong>vitoe</strong></span> <span class='ocrx_word' id='word_1_182' title='bbox 558 2241 663 2300; x_wconf 86' lang='lat' dir='ltr'><strong>beatae</strong></span> <span class='ocrx_word' id='word_1_183' title='bbox 684 2241 824 2320; x_wconf 83' lang='lat' dir='ltr'><strong>imagine</strong></span> <span class='ocrx_word' id='word_1_184' title='bbox 846 2238 1062 2325; x_wconf 88' lang='lat' dir='ltr'><strong>praebendum</strong></span> <span class='ocrx_word' id='word_1_185' title='bbox 1081 2240 1330 2324; x_wconf 81' lang='lat' dir='ltr'><strong>compositasit</strong></span> <span class='ocrx_word' id='word_1_186' title='bbox 1393 2235 1394 2299; x_wconf 58' lang='grc' dir='ltr'><strong>ἦ</strong></span> 
     </span>
     <span class='ocr_line' id='line_1_23' title="bbox 257 2315 1328 2421; baseline 0.002 -34"><span class='ocrx_word' id='word_1_187' title='bbox 257 2336 290 2387; x_wconf 92' lang='lat' dir='ltr'><strong>et</strong></span> <span class='ocrx_word' id='word_1_188' title='bbox 304 2315 400 2421; x_wconf 56' lang='lat' dir='ltr'><strong>epta(</strong></span> <span class='ocrx_word' id='word_1_189' title='bbox 441 2321 584 2410; x_wconf 81' lang='lat' dir='ltr'><strong>Namque</strong></span> <span class='ocrx_word' id='word_1_190' title='bbox 603 2335 760 2406; x_wconf 77' lang='lat' dir='ltr'><strong>martyres</strong></span> <span class='ocrx_word' id='word_1_191' title='bbox 780 2325 866 2388; x_wconf 88' lang='lat' dir='ltr'><strong>inter</strong></span> <span class='ocrx_word' id='word_1_192' title='bbox 886 2323 1018 2408; x_wconf 81' lang='lat' dir='ltr'><strong>angelos</strong></span> <span class='ocrx_word' id='word_1_193' title='bbox 1038 2325 1164 2387; x_wconf 85' lang='lat' dir='ltr'><strong>elucent</strong></span> <span class='ocrx_word' id='word_1_194' title='bbox 1184 2323 1328 2406; x_wconf 89' lang='lat' dir='ltr'><strong>hymnos</strong></span> 
     </span>
     <span class='ocr_line' id='line_1_24' title="bbox 167 2407 1327 2498; baseline 0.006 -30"><span class='ocrx_word' id='word_1_195' title='bbox 167 2461 169 2468; x_wconf 78' lang='grc'><strong><em>,</em></strong></span> <span class='ocrx_word' id='word_1_196' title='bbox 257 2411 437 2486; x_wconf 82' lang='lat' dir='ltr'><strong>cantantes,</strong></span> <span class='ocrx_word' id='word_1_197' title='bbox 465 2411 611 2472; x_wconf 48' lang='lat' dir='ltr'><strong>¹vestibus</strong></span> <span class='ocrx_word' id='word_1_198' title='bbox 641 2411 745 2472; x_wconf 87' lang='lat' dir='ltr'><strong>ornati</strong></span> <span class='ocrx_word' id='word_1_199' title='bbox 772 2409 896 2472; x_wconf 83' lang='lat' dir='ltr'><strong>decoris</strong></span> <span class='ocrx_word' id='word_1_200' title='bbox 914 2423 947 2474; x_wconf 89' lang='lat' dir='ltr'><strong>et</strong></span> <span class='ocrx_word' id='word_1_201' title='bbox 967 2407 1020 2473; x_wconf 91' lang='lat' dir='ltr'><strong>dei</strong></span> <span class='ocrx_word' id='word_1_202' title='bbox 1043 2411 1243 2498; x_wconf 86' lang='lat' dir='ltr'><strong>messiaeque</strong></span> <span class='ocrx_word' id='word_1_203' title='bbox 1263 2435 1327 2475; x_wconf 91' lang='lat' dir='ltr'><strong>nu-</strong></span> 
     </span>
     <span class='ocr_line' id='line_1_25' title="bbox 258 2493 970 2580; baseline 0.001 -24"><span class='ocrx_word' id='word_1_204' title='bbox 258 2495 347 2558; x_wconf 85' lang='lat' dir='ltr'><strong>mine</strong></span> <span class='ocrx_word' id='word_1_205' title='bbox 368 2493 477 2558; x_wconf 83' lang='lat' dir='ltr'><strong>vicino</strong></span> <span class='ocrx_word' id='word_1_206' title='bbox 499 2505 532 2558; x_wconf 91' lang='lat' dir='ltr'><strong>et</strong></span> <span class='ocrx_word' id='word_1_207' title='bbox 549 2495 695 2580; x_wconf 83' lang='lat' dir='ltr'><strong>propitio</strong></span> <span class='ocrx_word' id='word_1_208' title='bbox 716 2495 895 2558; x_wconf 88' lang='lat' dir='ltr'><strong>beatissimi</strong></span> <span class='ocrx_word' id='word_1_209' title='bbox 921 2495 970 2573; x_wconf 81' lang='lat'><strong>¹).</strong></span> 
     </span>
     <span class='ocr_line' id='line_1_26' title="bbox 273 2577 1329 2668; baseline 0.003 -28"><span class='ocrx_word' id='word_1_210' title='bbox 273 2581 276 2590; x_wconf 66' lang='lat'><strong>⁴</strong></span> <span class='ocrx_word' id='word_1_211' title='bbox 342 2577 389 2641; x_wconf 82' lang='lat' dir='ltr'><strong>V.</strong></span> <span class='ocrx_word' id='word_1_212' title='bbox 410 2589 441 2652; x_wconf 90' lang='lat'><strong>9.</strong></span> <span class='ocrx_word' id='word_1_213' title='bbox 474 2577 669 2662; x_wconf 84' lang='lat' dir='ltr'><strong>Martyrum,</strong></span> <span class='ocrx_word' id='word_1_214' title='bbox 699 2581 812 2668; x_wconf 86' lang='lat' dir='ltr'><strong>quibus</strong></span> <span class='ocrx_word' id='word_1_215' title='bbox 840 2591 914 2643; x_wconf 86' lang='lat' dir='ltr'><strong>ante</strong></span> <span class='ocrx_word' id='word_1_216' title='bbox 937 2577 1097 2644; x_wconf 80' lang='lat' dir='ltr'><strong>vindictae</strong></span> <span class='ocrx_word' id='word_1_217' title='bbox 1117 2577 1250 2642; x_wconf 89' lang='lat' dir='ltr'><strong>initium</strong></span> <span class='ocrx_word' id='word_1_218' title='bbox 1271 2603 1329 2643; x_wconf 91' lang='lat' dir='ltr'><strong>oc-</strong></span> 
     </span>
     <span class='ocr_line' id='line_1_27' title="bbox 257 2661 1328 2752; baseline 0.003 -26"><span class='ocrx_word' id='word_1_219' title='bbox 257 2661 474 2749; x_wconf 81' lang='lat' dir='ltr'><strong>cumbendum</strong></span> <span class='ocrx_word' id='word_1_220' title='bbox 489 2676 555 2742; x_wconf 88' lang='lat' dir='ltr'><strong>est,</strong></span> <span class='ocrx_word' id='word_1_221' title='bbox 578 2665 695 2727; x_wconf 88' lang='lat' dir='ltr'><strong>cohors</strong></span> <span class='ocrx_word' id='word_1_222' title='bbox 710 2663 816 2752; x_wconf 81' lang='lat' dir='ltr'><strong>plena</strong></span> <span class='ocrx_word' id='word_1_223' title='bbox 832 2687 942 2729; x_wconf 89' lang='lat' dir='ltr'><strong>recens</strong></span> <span class='ocrx_word' id='word_1_224' title='bbox 963 2667 999 2728; x_wconf 92' lang='lat' dir='ltr'><strong>in</strong></span> <span class='ocrx_word' id='word_1_225' title='bbox 1013 2664 1137 2726; x_wconf 90' lang='lat' dir='ltr'><strong>coelum</strong></span> <span class='ocrx_word' id='word_1_226' title='bbox 1151 2663 1328 2729; x_wconf 85' lang='lat' dir='ltr'><strong>adveniens</strong></span> 
     </span>
     <span class='ocr_line' id='line_1_28' title="bbox 257 2743 1328 2847; baseline 0 -35"><span class='ocrx_word' id='word_1_227' title='bbox 257 2751 411 2830; x_wconf 79' lang='lat' dir='ltr'><strong>fingitur3</strong></span> <span class='ocrx_word' id='word_1_228' title='bbox 441 2743 536 2847; x_wconf 80' lang='lat' dir='ltr'><strong>quare</strong></span> <span class='ocrx_word' id='word_1_229' title='bbox 563 2744 753 2812; x_wconf 79' lang='lat' dir='ltr'><strong>multitudo</strong></span> <span class='ocrx_word' id='word_1_230' title='bbox 781 2771 914 2838; x_wconf 79' lang='lat' dir='ltr'><strong>magno</strong></span> <span class='ocrx_word' id='word_1_231' title='bbox 945 2749 1044 2837; x_wconf 81' lang='lat' dir='ltr'><strong>cujus</strong></span> <span class='ocrx_word' id='word_1_232' title='bbox 1072 2769 1237 2816; x_wconf 71' lang='lat' dir='ltr'><strong>nanterus</strong></span> <span class='ocrx_word' id='word_1_233' title='bbox 1258 2772 1328 2813; x_wconf 84' lang='lat' dir='ltr'><strong>non</strong></span> 
     </span>
     <span class='ocr_line' id='line_1_29' title="bbox 251 2829 1327 2922; baseline 0.002 -26"><span class='ocrx_word' id='word_1_234' title='bbox 251 2829 367 2920; x_wconf 68' lang='lat' dir='ltr'><strong>flebile</strong></span> <span class='ocrx_word' id='word_1_235' title='bbox 401 2833 553 2898; x_wconf 77' lang='lat' dir='ltr'><strong>inuretur</strong></span> <span class='ocrx_word' id='word_1_236' title='bbox 582 2835 806 2922; x_wconf 89' lang='lat' dir='ltr'><strong>(nequeenim</strong></span> <span class='ocrx_word' id='word_1_237' title='bbox 828 2848 864 2898; x_wconf 91' lang='lat' dir='ltr'><strong>ut</strong></span> <span class='ocrx_word' id='word_1_238' title='bbox 884 2857 916 2898; x_wconf 83' lang='lat' dir='ltr'><strong>v.</strong></span> <span class='ocrx_word' id='word_1_239' title='bbox 930 2840 962 2906; x_wconf 90' lang='grc'><strong>4.</strong></span> <span class='ocrx_word' id='word_1_240' title='bbox 981 2853 1132 2898; x_wconf 88' lang='lat' dir='ltr'><strong>numerus</strong></span> <span class='ocrx_word' id='word_1_241' title='bbox 1152 2837 1190 2897; x_wconf 90' lang='lat' dir='ltr'><strong>ab</strong></span> <span class='ocrx_word' id='word_1_242' title='bbox 1210 2837 1327 2916; x_wconf 87' lang='lat' dir='ltr'><strong>angelo</strong></span> 
     </span>
     <span class='ocr_line' id='line_1_30' title="bbox 259 2914 1393 3005; baseline 0.003 -25"><span class='ocrx_word' id='word_1_243' title='bbox 259 2914 425 3005; x_wconf 79' lang='lat' dir='ltr'><strong>desinitur)</strong></span> <span class='ocrx_word' id='word_1_244' title='bbox 457 2921 526 2982; x_wconf 86' lang='lat' dir='ltr'><strong>vati</strong></span> <span class='ocrx_word' id='word_1_245' title='bbox 554 2921 651 2982; x_wconf 86' lang='lat' dir='ltr'><strong>obvia</strong></span> <span class='ocrx_word' id='word_1_246' title='bbox 679 2932 747 2998; x_wconf 86' lang='lat' dir='ltr'><strong>est,</strong></span> <span class='ocrx_word' id='word_1_247' title='bbox 780 2922 912 2983; x_wconf 87' lang='lat' dir='ltr'><strong>collecta</strong></span> <span class='ocrx_word' id='word_1_248' title='bbox 934 2941 971 2982; x_wconf 89' lang='lat' dir='ltr'><strong>ea</strong></span> <span class='ocrx_word' id='word_1_249' title='bbox 991 2940 1033 2982; x_wconf 85' lang='lat' dir='ltr'><strong>ex</strong></span> <span class='ocrx_word' id='word_1_250' title='bbox 1055 2919 1202 2982; x_wconf 90' lang='lat' dir='ltr'><strong>omnibus</strong></span> <span class='ocrx_word' id='word_1_251' title='bbox 1223 2933 1328 2984; x_wconf 82' lang='lat' dir='ltr'><strong>terrae</strong></span> <span class='ocrx_word' id='word_1_252' title='bbox 1392 2929 1393 2996; x_wconf 68' lang='grc' dir='ltr'>ξ</span> 
     </span>
     <span class='ocr_line' id='line_1_31' title="bbox 259 3000 1393 3091; baseline 0.004 -26"><span class='ocrx_word' id='word_1_253' title='bbox 259 3007 407 3084; x_wconf 87' lang='lat' dir='ltr'><strong>gentibus</strong></span> <span class='ocrx_word' id='word_1_254' title='bbox 428 3000 484 3084; x_wconf 85' lang='lat' dir='ltr'><strong>(cf.</strong></span> <span class='ocrx_word' id='word_1_255' title='bbox 504 3003 614 3068; x_wconf 84' lang='lat' dir='ltr'><strong>endem</strong></span> <span class='ocrx_word' id='word_1_256' title='bbox 634 3006 786 3068; x_wconf 86' lang='lat' dir='ltr'><strong>vocabula</strong></span> <span class='ocrx_word' id='word_1_257' title='bbox 800 3005 912 3069; x_wconf 87' lang='lat' dir='ltr'><strong>ordine</strong></span> <span class='ocrx_word' id='word_1_258' title='bbox 926 3005 1071 3091; x_wconf 91' lang='lat' dir='ltr'><strong>paullum</strong></span> <span class='ocrx_word' id='word_1_259' title='bbox 1081 3016 1202 3067; x_wconf 88' lang='lat' dir='ltr'><strong>mutato</strong></span> <span class='ocrx_word' id='word_1_260' title='bbox 1217 3005 1327 3069; x_wconf 87' lang='lat' dir='ltr'><strong>eadem</strong></span> <span class='ocrx_word' id='word_1_261' title='bbox 1392 3013 1393 3088; x_wconf 66' lang='lat' dir='ltr'><strong>t</strong></span> 
     </span>
     <span class='ocr_line' id='line_1_32' title="bbox 180 3087 1328 3172; baseline 0.003 -22"><span class='ocrx_word' id='word_1_262' title='bbox 180 3090 188 3110; x_wconf 90' lang='lat'><strong><em>‘</em></strong></span> <span class='ocrx_word' id='word_1_263' title='bbox 258 3091 295 3152; x_wconf 87' lang='lat' dir='ltr'><strong>in</strong></span> <span class='ocrx_word' id='word_1_264' title='bbox 315 3089 473 3156; x_wconf 86' lang='lat' dir='ltr'><strong>sententia</strong></span> <span class='ocrx_word' id='word_1_265' title='bbox 493 3097 523 3167; x_wconf 90' lang='lat'><strong>5,</strong></span> <span class='ocrx_word' id='word_1_266' title='bbox 544 3094 610 3170; x_wconf 89' lang='lat'><strong>9.).</strong></span> <span class='ocrx_word' id='word_1_267' title='bbox 668 3087 761 3172; x_wconf 87' lang='lat' dir='ltr'><strong>Quae</strong></span> <span class='ocrx_word' id='word_1_268' title='bbox 790 3093 853 3154; x_wconf 88' lang='lat' dir='ltr'><strong>hoc</strong></span> <span class='ocrx_word' id='word_1_269' title='bbox 885 3091 956 3154; x_wconf 89' lang='lat' dir='ltr'><strong>solo</strong></span> <span class='ocrx_word' id='word_1_270' title='bbox 987 3091 1052 3154; x_wconf 85' lang='lat' dir='ltr'><strong>fine</strong></span> <span class='ocrx_word' id='word_1_271' title='bbox 1079 3089 1125 3150; x_wconf 88' lang='lat' dir='ltr'><strong>ita</strong></span> <span class='ocrx_word' id='word_1_272' title='bbox 1146 3089 1328 3154; x_wconf 82' lang='lat' dir='ltr'><strong>adumbrata</strong></span> 
     </span>
     <span class='ocr_line' id='line_1_33' title="bbox 158 3171 1393 3262; baseline 0.004 -26"><span class='ocrx_word' id='word_1_273' title='bbox 158 3243 161 3252; x_wconf 16' lang='grc' dir='ltr'>Χ</span> <span class='ocrx_word' id='word_1_274' title='bbox 260 3195 332 3238; x_wconf 88' lang='lat' dir='ltr'><strong>esse</strong></span> <span class='ocrx_word' id='word_1_275' title='bbox 361 3186 465 3262; x_wconf 83' lang='lat' dir='ltr'><strong>patet,</strong></span> <span class='ocrx_word' id='word_1_276' title='bbox 495 3186 532 3236; x_wconf 92' lang='lat' dir='ltr'><strong>ut</strong></span> <span class='ocrx_word' id='word_1_277' title='bbox 560 3183 715 3255; x_wconf 77' lang='lat' dir='ltr'><strong>martyres</strong></span> <span class='ocrx_word' id='word_1_278' title='bbox 743 3173 786 3236; x_wconf 90' lang='lat' dir='ltr'><strong>iis</strong></span> <span class='ocrx_word' id='word_1_279' title='bbox 817 3177 871 3262; x_wconf 90' lang='lat' dir='ltr'><strong>qui</strong></span> <span class='ocrx_word' id='word_1_280' title='bbox 900 3183 930 3255; x_wconf 73' lang='lat'><strong>6,</strong></span> <span class='ocrx_word' id='word_1_281' title='bbox 952 3171 1045 3246; x_wconf 84' lang='grc'><strong>6-11.</strong></span> <span class='ocrx_word' id='word_1_282' title='bbox 1074 3173 1202 3240; x_wconf 88' lang='lat' dir='ltr'><strong>aderant</strong></span> <span class='ocrx_word' id='word_1_283' title='bbox 1230 3177 1328 3260; x_wconf 86' lang='lat' dir='ltr'><strong>longe</strong></span> <span class='ocrx_word' id='word_1_284' title='bbox 1392 3197 1393 3215; x_wconf 65' lang='lat'>¹</span> 
     </span>
     <span class='ocr_line' id='line_1_34' title="bbox 256 3255 1329 3358; baseline 0.004 -38"><span class='ocrx_word' id='word_1_285' title='bbox 256 3267 259 3276; x_wconf 88' lang='lat'>&#39;</span> <span class='ocrx_word' id='word_1_286' title='bbox 284 3260 370 3323; x_wconf 89' lang='lat' dir='ltr'><strong>lures</strong></span> <span class='ocrx_word' id='word_1_287' title='bbox 389 3279 618 3348; x_wconf 86' lang='lat' dir='ltr'><strong>numerumque</strong></span> <span class='ocrx_word' id='word_1_288' title='bbox 637 3261 685 3322; x_wconf 88' lang='lat' dir='ltr'><strong>ibi</strong></span> <span class='ocrx_word' id='word_1_289' title='bbox 707 3259 883 3324; x_wconf 85' lang='lat' dir='ltr'><strong>indicatum</strong></span> <span class='ocrx_word' id='word_1_290' title='bbox 903 3255 1023 3358; x_wconf 76' lang='lat' dir='ltr'><strong>justum</strong></span> <span class='ocrx_word' id='word_1_291' title='bbox 1043 3262 1213 3344; x_wconf 84' lang='lat' dir='ltr'><strong>explentes</strong></span> <span class='ocrx_word' id='word_1_292' title='bbox 1234 3285 1256 3326; x_wconf 89' lang='lat' dir='ltr'><strong>e</strong></span> <span class='ocrx_word' id='word_1_293' title='bbox 1276 3285 1329 3324; x_wconf 85' lang='lat' dir='ltr'><strong>ca-</strong></span> 
     </span>
     <span class='ocr_line' id='line_1_35' title="bbox 258 3281 1329 3434; baseline 0.006 -28"><span class='ocrx_word' id='word_1_294' title='bbox 258 3281 455 3434; x_wconf 54' lang='lat' dir='ltr'><strong>lamitatibus</strong></span> <span class='ocrx_word' id='word_1_295' title='bbox 474 3345 538 3407; x_wconf 90' lang='lat' dir='ltr'><strong>toti</strong></span> <span class='ocrx_word' id='word_1_296' title='bbox 549 3347 585 3409; x_wconf 90' lang='lat' dir='ltr'><strong>in</strong></span> <span class='ocrx_word' id='word_1_297' title='bbox 596 3346 691 3408; x_wconf 86' lang='lat' dir='ltr'><strong>terris</strong></span> <span class='ocrx_word' id='word_1_298' title='bbox 705 3345 956 3410; x_wconf 86' lang='lat' dir='ltr'><strong>christianorum</strong></span> <span class='ocrx_word' id='word_1_299' title='bbox 965 3345 1092 3408; x_wconf 89' lang='lat' dir='ltr'><strong>nomini</strong></span> <span class='ocrx_word' id='word_1_300' title='bbox 1108 3345 1329 3432; x_wconf 82' lang='lat' dir='ltr'><strong>perpetiendis</strong></span> 
     </span>
     <span class='ocr_line' id='line_1_36' title="bbox 221 3426 1329 3516; baseline 0.005 -25"><span class='ocrx_word' id='word_1_301' title='bbox 221 3456 223 3461; x_wconf 38' lang='lat' dir='ltr'>s</span> <span class='ocrx_word' id='word_1_302' title='bbox 259 3452 452 3516; x_wconf 85' lang='lat' dir='ltr'><strong>progressos</strong></span> <span class='ocrx_word' id='word_1_303' title='bbox 473 3431 522 3506; x_wconf 82' lang='lat' dir='ltr'><strong>(v.</strong></span> <span class='ocrx_word' id='word_1_304' title='bbox 536 3429 600 3513; x_wconf 87' lang='grc'><strong>14.)</strong></span> <span class='ocrx_word' id='word_1_305' title='bbox 616 3434 711 3502; x_wconf 79' lang='lat' dir='ltr'><strong>-vate&#39;s</strong></span> <span class='ocrx_word' id='word_1_306' title='bbox 732 3431 869 3494; x_wconf 89' lang='lat' dir='ltr'><strong>sisteret.</strong></span> <span class='ocrx_word' id='word_1_307' title='bbox 911 3432 1049 3494; x_wconf 90' lang='lat' dir='ltr'><strong>Throno</strong></span> <span class='ocrx_word' id='word_1_308' title='bbox 1071 3429 1095 3492; x_wconf 88' lang='lat' dir='ltr'><strong>i.</strong></span> <span class='ocrx_word' id='word_1_309' title='bbox 1107 3426 1139 3494; x_wconf 83' lang='lat' dir='ltr'><strong>e.</strong></span> <span class='ocrx_word' id='word_1_310' title='bbox 1161 3433 1221 3494; x_wconf 91' lang='lat' dir='ltr'><strong>deo</strong></span> <span class='ocrx_word' id='word_1_311' title='bbox 1239 3455 1329 3497; x_wconf 86' lang='lat' dir='ltr'><strong>mes·</strong></span> 
     </span>
     <span class='ocr_line' id='line_1_37' title="bbox 262 3511 1330 3606; baseline 0.007 -29"><span class='ocrx_word' id='word_1_312' title='bbox 262 3516 391 3601; x_wconf 86' lang='lat' dir='ltr'><strong>siaeque</strong></span> <span class='ocrx_word' id='word_1_313' title='bbox 413 3515 452 3578; x_wconf 88' lang='lat' dir='ltr'><strong>ad</strong></span> <span class='ocrx_word' id='word_1_314' title='bbox 470 3515 580 3578; x_wconf 91' lang='lat' dir='ltr'><strong>laudes</strong></span> <span class='ocrx_word' id='word_1_315' title='bbox 600 3516 755 3580; x_wconf 83' lang='lat' dir='ltr'><strong>canendas</strong></span> <span class='ocrx_word' id='word_1_316' title='bbox 772 3512 819 3604; x_wconf 83' lang='lat' dir='ltr'><strong>(u.</strong></span> <span class='ocrx_word' id='word_1_317' title='bbox 835 3511 900 3601; x_wconf 84' lang='lat'>10.)</span> <span class='ocrx_word' id='word_1_318' title='bbox 922 3515 1081 3580; x_wconf 88' lang='lat' dir='ltr'><strong>adstantes</strong></span> <span class='ocrx_word' id='word_1_319' title='bbox 1098 3513 1251 3580; x_wconf 80' lang='lat' dir='ltr'><strong>vestibus</strong></span> <span class='ocrx_word' id='word_1_320' title='bbox 1265 3515 1330 3606; x_wconf 76' lang='lat' dir='ltr'><strong>jam</strong></span> 
     </span>
     <span class='ocr_line' id='line_1_38' title="bbox 207 3592 1330 3697; baseline 0.005 -35"><span class='ocrx_word' id='word_1_321' title='bbox 207 3679 211 3685; x_wconf 90' lang='lat'><em>.</em></span> <span class='ocrx_word' id='word_1_322' title='bbox 261 3596 354 3662; x_wconf 84' lang='lat' dir='ltr'><strong>albis</strong></span> <span class='ocrx_word' id='word_1_323' title='bbox 381 3603 486 3663; x_wconf 89' lang='lat' dir='ltr'><strong>ornati</strong></span> <span class='ocrx_word' id='word_1_324' title='bbox 512 3613 604 3678; x_wconf 87' lang='lat' dir='ltr'><strong>sunt,</strong></span> <span class='ocrx_word' id='word_1_325' title='bbox 635 3604 723 3666; x_wconf 86' lang='lat' dir='ltr'><strong>vitae</strong></span> <span class='ocrx_word' id='word_1_326' title='bbox 749 3602 785 3664; x_wconf 94' lang='lat' dir='ltr'><strong>in</strong></span> <span class='ocrx_word' id='word_1_327' title='bbox 807 3615 891 3664; x_wconf 91' lang='lat' dir='ltr'><strong>terra</strong></span> <span class='ocrx_word' id='word_1_328' title='bbox 912 3604 1055 3683; x_wconf 88' lang='lat' dir='ltr'><strong>integrae</strong></span> <span class='ocrx_word' id='word_1_329' title='bbox 1073 3592 1201 3697; x_wconf 86' lang='lat' dir='ltr'><strong>jamque</strong></span> <span class='ocrx_word' id='word_1_330' title='bbox 1220 3605 1330 3683; x_wconf 74' lang='lat' dir='ltr'><strong>gaudii</strong></span> 
     </span>
     <span class='ocr_line' id='line_1_39' title="bbox 263 3677 1330 3778; baseline 0.007 -30"><span class='ocrx_word' id='word_1_331' title='bbox 263 3697 297 3748; x_wconf 85' lang='lat' dir='ltr'><strong>et</strong></span> <span class='ocrx_word' id='word_1_332' title='bbox 349 3687 461 3748; x_wconf 87' lang='lat' dir='ltr'><strong>raemii</strong></span> <span class='ocrx_word' id='word_1_333' title='bbox 487 3677 570 3778; x_wconf 82' lang='lat' dir='ltr'><strong>justi</strong></span> <span class='ocrx_word' id='word_1_334' title='bbox 589 3686 717 3768; x_wconf 89' lang='lat' dir='ltr'><strong>signum</strong></span> <span class='ocrx_word' id='word_1_335' title='bbox 745 3682 787 3748; x_wconf 85' lang='lat' dir='ltr'><strong>cs.</strong></span> <span class='ocrx_word' id='word_1_336' title='bbox 806 3687 845 3750; x_wconf 90' lang='lat' dir='ltr'><strong>ad</strong></span> <span class='ocrx_word' id='word_1_337' title='bbox 866 3696 898 3763; x_wconf 88' lang='lat'><strong>3,</strong></span> <span class='ocrx_word' id='word_1_338' title='bbox 922 3693 954 3758; x_wconf 83' lang='lat'><strong>4.</strong></span> <span class='ocrx_word' id='word_1_339' title='bbox 976 3698 1010 3758; x_wconf 49' lang='lat' dir='ltr'><strong>et¹</strong></span> <span class='ocrx_word' id='word_1_340' title='bbox 1027 3709 1089 3773; x_wconf 79' lang='lat' dir='ltr'><strong>qur</strong></span> <span class='ocrx_word' id='word_1_341' title='bbox 1108 3687 1173 3748; x_wconf 89' lang='lat' dir='ltr'><strong>loci</strong></span> <span class='ocrx_word' id='word_1_342' title='bbox 1196 3691 1330 3754; x_wconf 83' lang='lat' dir='ltr'><strong>omnino</strong></span> 
     </span>
     <span class='ocr_line' id='line_1_40' title="bbox 262 3766 1330 3870; baseline 0.007 -38"><span class='ocrx_word' id='word_1_343' title='bbox 262 3792 299 3832; x_wconf 88' lang='lat' dir='ltr'><strong>co</strong></span> <span class='ocrx_word' id='word_1_344' title='bbox 339 3771 467 3847; x_wconf 90' lang='lat' dir='ltr'><strong>ercndi,</strong></span> <span class='ocrx_word' id='word_1_345' title='bbox 499 3773 530 3846; x_wconf 75' lang='lat'><strong>4,</strong></span> <span class='ocrx_word' id='word_1_346' title='bbox 559 3775 591 3841; x_wconf 93' lang='grc'><strong>4.</strong></span> <span class='ocrx_word' id='word_1_347' title='bbox 623 3779 730 3848; x_wconf 81' lang='lat'>6,11.</span> <span class='ocrx_word' id='word_1_348' title='bbox 755 3773 811 3834; x_wconf 90' lang='lat' dir='ltr'><strong>ubi</strong></span> <span class='ocrx_word' id='word_1_349' title='bbox 840 3784 998 3853; x_wconf 88' lang='lat' dir='ltr'><strong>martyres</strong></span> <span class='ocrx_word' id='word_1_350' title='bbox 1025 3766 1092 3870; x_wconf 84' lang='lat' dir='ltr'><strong>jam</strong></span> <span class='ocrx_word' id='word_1_351' title='bbox 1116 3773 1243 3856; x_wconf 88' lang='lat' dir='ltr'><strong>priores</strong></span> <span class='ocrx_word' id='word_1_352' title='bbox 1267 3777 1330 3839; x_wconf 88' lang='lat' dir='ltr'><strong>hoc</strong></span> 
     </span>
     <span class='ocr_line' id='line_1_41' title="bbox 261 3855 1392 3945; baseline 0.007 -27"><span class='ocrx_word' id='word_1_353' title='bbox 261 3857 384 3937; x_wconf 89' lang='lat' dir='ltr'><strong>insigni</strong></span> <span class='ocrx_word' id='word_1_354' title='bbox 407 3855 547 3920; x_wconf 84' lang='lat' dir='ltr'><strong>decorati</strong></span> <span class='ocrx_word' id='word_1_355' title='bbox 566 3869 667 3930; x_wconf 82' lang='lat' dir='ltr'><strong>erent.</strong></span> <span class='ocrx_word' id='word_1_356' title='bbox 719 3855 886 3945; x_wconf 83' lang='lat' dir='ltr'><strong>Simulque</strong></span> <span class='ocrx_word' id='word_1_357' title='bbox 901 3855 1044 3944; x_wconf 79' lang='lat' dir='ltr'><strong>palmos</strong></span> <span class='ocrx_word' id='word_1_358' title='bbox 1064 3857 1187 3920; x_wconf 83' lang='lat' dir='ltr'><strong>dextris</strong></span> <span class='ocrx_word' id='word_1_359' title='bbox 1209 3869 1330 3940; x_wconf 85' lang='lat' dir='ltr'><strong>tenent,</strong></span> <span class='ocrx_word' id='word_1_360' title='bbox 1391 3915 1392 3926; x_wconf 67' lang='grc'>,</span> 
     </span>
    </p>
   </div>
   <div class='ocr_carea' id='block_1_4' title="bbox 183 3989 1392 4206">
    <p class='ocr_par' dir='ltr' id='par_1_4' title="bbox 183 3989 1392 4206">
     <span class='ocr_line' id='line_1_42' title="bbox 264 3989 1392 4062; baseline 0.001 -17"><span class='ocrx_word' id='word_1_361' title='bbox 264 3997 267 4002; x_wconf 89' lang='grc'><strong>“</strong></span> <span class='ocrx_word' id='word_1_362' title='bbox 297 3995 334 4062; x_wconf 80' lang='lat'><strong>1)</strong></span> <span class='ocrx_word' id='word_1_363' title='bbox 351 3991 436 4047; x_wconf 79' lang='lat' dir='ltr'><strong>verbo</strong></span> <span class='ocrx_word' id='word_1_364' title='bbox 456 4003 569 4048; x_wconf 86' lang='lat' dir='ltr'><strong>mouere</strong></span> <span class='ocrx_word' id='word_1_365' title='bbox 595 3991 728 4060; x_wconf 83' lang='lat' dir='ltr'><strong>sufficiat,</strong></span> <span class='ocrx_word' id='word_1_366' title='bbox 756 3999 893 4048; x_wconf 76' lang='lat' dir='ltr'><strong>visionem</strong></span> <span class='ocrx_word' id='word_1_367' title='bbox 918 3993 990 4048; x_wconf 88' lang='lat' dir='ltr'><strong>hanc</strong></span> <span class='ocrx_word' id='word_1_368' title='bbox 1013 3991 1047 4046; x_wconf 81' lang='lat' dir='ltr'><strong>eb</strong></span> <span class='ocrx_word' id='word_1_369' title='bbox 1072 3989 1171 4048; x_wconf 84' lang='lat' dir='ltr'><strong>Eichb·</strong></span> <span class='ocrx_word' id='word_1_370' title='bbox 1189 4005 1217 4047; x_wconf 85' lang='lat' dir='ltr'><strong>et</strong></span> <span class='ocrx_word' id='word_1_371' title='bbox 1235 3995 1332 4049; x_wconf 80' lang='lat' dir='ltr'><strong>Hetur.</strong></span> <span class='ocrx_word' id='word_1_372' title='bbox 1391 4013 1392 4058; x_wconf 71' lang='lat' dir='ltr'><strong>t</strong></span> 
     </span>
     <span class='ocr_line' id='line_1_43' title="bbox 183 4067 1392 4206; baseline 0.01 -98"><span class='ocrx_word' id='word_1_373' title='bbox 183 4098 187 4108; x_wconf 88' lang='lat'><em>.</em></span> <span class='ocrx_word' id='word_1_374' title='bbox 333 4075 373 4192; x_wconf 48' lang='lat' dir='ltr'><strong>ptr·</strong></span> <span class='ocrx_word' id='word_1_375' title='bbox 385 4068 567 4206; x_wconf 46' lang='lat' dir='ltr'><strong>appiaduttpne</strong></span> <span class='ocrx_word' id='word_1_376' title='bbox 591 4085 606 4118; x_wconf 90' lang='lat' dir='ltr'><strong>a</strong></span> <span class='ocrx_word' id='word_1_377' title='bbox 625 4067 739 4122; x_wconf 85' lang='lat' dir='ltr'><strong>BIeekio</strong></span> <span class='ocrx_word' id='word_1_378' title='bbox 756 4068 794 4131; x_wconf 85' lang='lat' dir='ltr'><strong>(l.</strong></span> <span class='ocrx_word' id='word_1_379' title='bbox 809 4083 832 4122; x_wconf 80' lang='lat' dir='ltr'><strong>c.</strong></span> <span class='ocrx_word' id='word_1_380' title='bbox 852 4084 878 4135; x_wconf 82' lang='lat' dir='ltr'><strong>p.</strong></span> <span class='ocrx_word' id='word_1_381' title='bbox 888 4071 964 4131; x_wconf 74' lang='lat'><strong>258.)</strong></span> <span class='ocrx_word' id='word_1_382' title='bbox 988 4067 1060 4120; x_wconf 84' lang='lat' dir='ltr'><strong>mele</strong></span> <span class='ocrx_word' id='word_1_383' title='bbox 1078 4081 1138 4120; x_wconf 85' lang='lat' dir='ltr'><strong>esse</strong></span> <span class='ocrx_word' id='word_1_384' title='bbox 1155 4067 1331 4121; x_wconf 83' lang='lat' dir='ltr'><strong>intellectum.</strong></span> <span class='ocrx_word' id='word_1_385' title='bbox 1391 4097 1392 4133; x_wconf 73' lang='lat'>,</span> 
     </span>
    </p>
   </div>
   <div class='ocr_carea' id='block_1_5' title="bbox 0 0 1416 4684">
    <p class='ocr_par' dir='ltr' id='par_1_5' title="bbox 0 0 1416 4684">
     <span class='ocr_line' id='line_1_44' title="bbox 0 0 1416 4684; baseline 0 0"><span class='ocrx_word' id='word_1_386' title='bbox 0 0 1416 4684; x_wconf 95' lang='lat' dir='ltr'><strong> </strong></span> 
     </span>
    </p>
   </div>
  </div>
 </body>
</html>
