2840 4690
202 321 289 426 Ι,82
326 271 335 284 .
420 308 424 318 '
653 297 896 408 interpretes.
975 421 977 432 ,

244 517 314 582 pus
317 505 369 558 et
397 505 561 558 remotum
587 494 787 574 retulerunt,
830 515 912 579 qnae
948 503 1059 560 auctor
1090 453 1229 558 coaevis
1246 491 1314 558 sois

132 632 140 644 ν
195 593 201 612 ⁸
243 600 397 688 proxime
423 600 581 666 instarent
608 599 816 686 optaverat?
834 599 944 685 Quae
953 599 993 664 de
1012 596 1098 662 libro
1118 596 1181 663 hoc
1201 594 1315 713 opinio

195 781 197 792 1
244 704 382 768 auctoris
402 703 505 768 menti
526 723 661 788 prorsus
682 703 843 770 contraria
864 725 1031 788 quousque
1050 699 1204 778 invaluit,
1227 700 1315 786 spis-

239 812 286 876 sis
307 831 436 894 semper
450 807 600 872 'tenebris
617 807 785 876 insolutus
802 808 897 890 jacuit
917 809 1043 900 sensusl'
1050 805 1209 892 genuinus
1231 805 1315 870 late-

173 899 177 918 '
244 935 307 998 que
325 909 555 998 interpretandi
576 911 673 976 libido
697 912 787 997 vagis
808 910 1121 978 firribuaoberr‘auit.
1163 909 1315 976 Accessit

244 1015 346 1096 aliud,
381 1016 466 1101 quod
492 1015 532 1080 ad
558 1009 631 1082 libri
651 1037 782 1082 sensum
806 1018 914 1081 seculo
933 1017 999 1101 jam
1024 1015 1165 1082 seeundo
1192 1015 1313 1104 obsqu-

143 1180 147 1188 ,
243 1119 382 1186 randum
412 1121 588 1206 plurimum
620 1123 729 1190 valuit.
779 1120 838 1184 Est
861 1121 949 1188 enim
975 1119 1055 1186 liber
1078 1133 1180 1203 totus,
1212 1135 1248 1190 ut
1269 1121 1314 1187 ita

245 1225 366 1303 dicam,
396 1221 431 1286 iu
459 1224 616 1306 judaismo
644 1225 801 1312 scriptus,
834 1223 949 1290 fortius
978 1226 1074 1290 etiam
1096 1248 1193 1312 quam
1214 1225 1315 1294 ceteri

244 1351 357 1396 omues
378 1330 424 1394 N.
442 1329 485 1394 Τ.
503 1329 576 1396 libri
592 1328 791 1414 ludaeorum
812 1339 932 1408 antem,
956 1329 1139 1415 ingenium,
1164 1330 1314 1402 dationes

213 1503 215 1512 ‚
243 1435 441 1513 messian'as,
470 1441 585 1498 cetera'
611 1430 766 1498 reserens.
828 1429 890 1494 Sed
906 1431 1041 1518 ,eversis
1071 1433 1313 1521 Hierosolymis

155 1567 159 1576 ¹
242 1553 416 1627 postquam
446 1537 556 1602 ludaei
583 1536 747 1624 paullatim
771 1535 918 1600 notiones
939 1521 981 1600 de
998 1538 1118 1605 Messio
1145 1551 1315 1607 mutarunt

243 1659 277 1711 ct
297 1646 431 1709 omnino
445 1641 635 1707 Christianis
658 1636 824 1705 alieniores
837 1637 910 1702 sacri
923 1650 1032 1719 erant,
1052 1641 1137 1706 iuter
1149 1643 1229 1707 Chr
1221 1645 1313 1709 ntra

134 1771 137 1778 ’
194 1733 197 1742 ¹
244 1773 304 1818 nos
301 1751 523 1849 potissimum
537 1765 651 1832 graece
667 1745 778 1808 doctos
789 1743 950 1808 obliterari
966 1757 1153 1830 coeperunt
1156 1746 1313 1834 imagines

157 1863 164 1879 “
243 1865 276 1917 et
301 1835 446 1917 notiones
470 1851 630 1934 judaicae3
660 1840 742 1934 quae
769 1846 889 1912 oblivio
917 1870 992 1912 cnm
1020 1850 1169 1915 omnium
1200 1853 1245 1918 N.
1267 1853 1313 1919 T.

207 1991 209 2000 ι
243 1957 440 2044 scriptorum
460 1953 760 2040 interpretationem
781 1948 866 2039 apqd
888 1955 999 2018 Patres
1021 1937 1150 2020 dubiam
1172 1956 1314 2022 reddidit

229 2063 275 2127 et
294 2063 480 2138 obscuram,
515 2071 587 2124 turn
616 2055 712 2140 hujus
737 2058 943 2143 potissimum
968 2057 1044 2122 libri
1070 2055 1313 2132 omrriumsma-

243 2166 332 2230 xime
365 2163 499 2258 judaicis
524 2162 592 2227 istis
620 2161 803 2226 notionibus
831 2159 952 2232 resecti.
1016 2163 1201 2254 Eademque
1231 2167 1313 2233 Da·

200 2272 202 2278 ’
243 2269 371 2336 uielis
398 2267 472 2333 libri
494 2266 768 2364 interpretationis
789 2264 849 2332 tuit
868 2283 949 2332 sors.
988 2350 991 2358 μ

269 2512 271 2522 ·
313 2453 357 2552 ι1.
378 2481 488 2568 Quare
510 2478 596 2544 haud
617 2479 792 2560 miramur,
821 2477 907 2564 quod
927 2476 1007 2544 liber
1025 2478 1098 2560 bic,
1119 2479 1210 2566 cujus
1232 2504 1313 2547 sen.

243 2604 298 2647 sus
320 2591 394 2670 pos't
417 2584 551 2670 triginta
572 2583 682 2660 forsan
704 2603 806 2666 annos
827 2585 892 2667 jam
914 2585 1060 2672 plurimis
1082 2584 1237 2652 obscurus
1256 2588 1314 2653 vi-

244 2687 312 2753 deri
333 2696 475 2774 poterat,
497 2689 644 2754 Patribus
665 2690 730 2773 jam
753 2689 853 2753 seculi
871 2689 1004 2754 secundi
1026 2691 1110 2755 male
1130 2691 1311 2756 intellectus
1411 2711 1412 2782 q

244 2805 309 2874 est,
330 2815 513 2880 quanquam
536 2795 687 2858 Irenaeus
708 2805 815 2858 tamen
833 2817 853 2858 a
874 2793 1103 2874 vetustioribus
1119 2793 1312 2880 quibusdam
1362 2829 1368 2840 ·
1411 2791 1412 2799 '

246 2899 399 2982 quaedam
423 2899 462 2980 de
482 2898 556 2963 libri
576 2921 672 2988 ¹seusu
693 2921 771 2963 vera
792 2899 923 2964 edoctus
937 2912 1014 2966 ‘erat
1041 2901 1090 2981 (v.
1110 2899 1148 2964 ad
1175 2913 1226 2980 13,
1247 2901 1312 2983 18).
1399 2910 1402 2918 “

244 3001 450 3090 Videturque
477 3005 543 3086 jam
558 3005 676 3088 ‘seculo
705 3003 846 3068 secundo
877 3015 910 3066 et
937 3003 1024 3066 tertii
1051 3002 1142 3068 initio
1170 3027 1243 3068 acer·
1270 3005 1311 3069 de

173 3119 176 3130 l
242 3103 317 3170 libri
337 3105 482 3184 obscuri,
515 3106 572 3192 qui
593 3105 778 3184 videbatur,
808 3122 840 3174 et
862 3109 935 3173 miri
958 3109 1222 3196 interpretatione
1242 3109 1311 3174 dis-

243 3230 357 3277 sensus
383 3211 540 3299 viguisse,
573 3210 660 3276 unde
688 3210 807 3296 scripta
828 3205 925 3298 plura‘
945 3224 977 3276 et
1001 3215 1312 3332 commentariosdde

243 3314 306 3380 hoc
334 3317 416 3382 libro
445 3318 543 3404 prius
558 3315 639 3399 jam,
679 3335 777 3400 quam
802 3314 841 3378 de
861 3315 922 3378 elio
944 3317 988 3380 N.
1005 3317 1047 3380 T.
1069 3317 1151 3383 libro
1176 3331 1315 3405 constat,¹

178 3499 183 3512 ι
242 3418 344 3484 editos
367 3419 463 3506 fuisse
483 3420 649 3507 probabile
669 3431 718 3483 cst
738 3416 795 3499 (cf.
815 3440 914 3505 supra
939 3440 969 3505 p.
981 3429 1039 3498 593
1065 3420 1146 3484 adde
1165 3423 1205 3489 dc
1219 3425 1311 3510 Hip

242 3523 375 3624 polyto
385 3501 520 3586 Assem.
537 3525 614 3590 bibl.
633 3545 681 3590 or.
703 3491 845 3597 T..3.P
861 3537 889 3595 1.
909 3529 1023 3609 Ρ.15)
1076 3527 1168 3612 Quae
1189 3529 1311 3614 scripta

90 3613 93 3620 ¹
184 3693 190 3710 ,
243 3613 328 3714 quod
358 3638 493 3692 aetatem
523 3641 592 3694 nort
619 3632 765 3694 tulerunt
795 3651 833 3692 eo
863 3626 1008 3692 acerbius
1044 3628 1203 3710 dolemus,
1246 3653 1311 3717 quo

149 3776 151 3790 .
178 3783 184 3814 ,ι
243 3733 351 3796 miuus
390 3731 430 3795 de
462 3755 543 3797 vero
574 3737 708 3800 Petrum
744 3733 1040 3820 antiquissimorum
1073 3735 1155 3798 eirca
1190 3734 1312 3799 librum

229 3835 330 3901 *huuc
351 3837 468 3919 judicio
490 3850 578 3902 certo
600 3839 692 3905 nobis
713 3852 847 3905 constat.
878 3836 1018 3903 '-Serius
1040 3847 1146 3900 autem
1170 3859 1247 3904 cum
1270 3838 1311 3902 li-

202 3987 204 3994 .
243 3939 302 4024 ber
328 3942 362 4006 in
385 3941 587 4008 Graecorum
620 3957 652 4010 et
680 3967 723 4010 ex
750 3956 842 4032 parte
868 3945 1063 4015 Latinorum
1089 3943 1227 4007 eeclesiis
1242 3944 1310 4029 ‘legi

243 4065 311 4110 non
332 4045 466 4127 soleret,
491 4059 524 4114 et
545 4051 630 4114 inter
652 4049 795 4114 Graecos
814 4049 1019 4133 potissimum
1044 4048 1126 4112 baud
1149 4048 1240 4134 pauci
1265 4049 1311 4113 si-

141 4212 145 4216 .
176 4215 183 4226 .
238 4135 345 4216 'nistre
360 4149 408 4216 'de
430 4173 472 4216 eo
490 4150 670 4236 judicarent
690 4151 875 4239 ¹(Epipbarr.
897 4150 984 4221 haer.
1004 4160 1057 4225 51.
1075 4163 1128 4233 77,
1148 4158 1223 4236 26),
1242 4175 1313 4225 non

693 4244 699 4268 r
1268 4265 1271 4269 .
