2840 4690
146 237 192 386 h,
227 324 276 400 78
334 405 336 413 J
551 321 553 336 '
579 291 650 414 ¹De
674 307 822 382 auctore
851 301 944 382 libri.

311 493 478 574 Habemus
491 491 589 578 igitur
603 491 788 566 Jobantiem
803 493 933 579 quidem
952 489 1132 578 auctorem,
1154 481 1209 562 sed
1223 511 1304 566 eum
1323 512 1327 520 '

172 630 176 639 ⁸
228 604 267 669 ab
296 601 442 688 apostolo
471 596 639 680 diversum
662 597 711 678 ¹),
742 595 885 690 eumque
907 590 1035 666 aliunde
1056 601 1139 668 haud
1166 616 1302 686 notum3

165 735 170 750 =
226 703 280 796 qui
313 707 402 771 enim
428 703 593 769 lohannes
623 703 700 766 Act.
722 715 772 784 15,
793 716 847 777 37.
868 717 921 782 39.
949 706 1088 772 ¹Marci
1117 732 1303 796 cognomen
1353 743 1355 748 ·

198 819 201 830 ’
226 817 323 904 gerit,
360 811 387 877 is
416 831 492 874 cum
523 809 594 895 ipse
625 807 758 872 Marcus
792 799 949 898 evangelii
980 813 1120 900 scriptor
1148 837 1304 882 sermone

225 939 340 1007 graeco
361 937 380 980 a
402 926 513 996 nostro
534 921 666 1013 auctore
686 913 762 978 satis
781 917 903 982 alienus
925 917 1023 982 fuisse
1045 917 1210 998 videatur,
1230 941 1302 982 non

224 1025 333 1088 minus
369 1020 435 1083 huc
450 1062 452 1066 -
467 1017 633 1104 pertinere
660 1015 792 1082 ridetur
824 1042 921 1106 quam
954 1021 1122 1086 lohannes
1152 1020 1302 1108 synedrii

157 1155 161 1162 ·
223 1149 364 1194 assessor
383 1123 504 1202 Acta,
522 1132 559 1204 6,
583 1143 679 1208 quem
702 1122 775 1209 quis'
793 1119 904 1189 forsan
926 1124 1050 1190 Christi
1071 1123 1170 1188 fidem
1190 1139 1302 1212 postea

59 1299 64 1321 Ι
117 1235 138 1312 ,³
223 1235 413 1321 amplexum
440 1249 510 1293 esse
538 1237 643 1314 putet.
690 1227 842 1322 'Maneat
869 1227 974 1294 unum
1001 1229 1081 1312 hoc',
1114 1231 1300 1317 Johannem

222 1341 311 1404 hunc
331 1334 528 1424 prophetam
548 1331 804 1416 Hierosolymis,
822 1344 859 1397 ut
878 1333 1032 1418 videtur‘,
1045 1336 1079 1402 in
1100 1335 1299 1402 ludaeorum

145 1475 146 1482 ι
223 1443 340 1511 scholis
374 1439 543 1504 educatum
573 1447 606 1500 et
635 1437 736 1501 serlus
765 1439 800 1502 in
827 1437 927 1504 Asiae
954 1443 1101 1526 regiones
1131 1441 1299 1530 delapsum

217 1571 305 1639 ,opus
319 1543 469 1644 edidisse.
510 1541 609 1630 Quod
630 1543 767 1628 quidem.
783 1555 865 1630 opu‘s
889 1551 988 1631 quam
1006 1543 1098 1633 facile
1115 1549 1224 1612 seculo
1243 1570 1300 1613 se-

213 1653 334 1722 cundo
356 1649 499 1717 iohanni
520 1650 666 1736 apostolo
693 1649 836 1716 clarioris
859 1650 1001 1717 nominis
1022 1649 1127 1732 ¹tribui
1152 1654 1298 1741 potuerit
1349 1697 1351 1707 ·

219 1762 295 1828 satis
321 1765 465 1846 apparet.
837 1753 839 1758 ’

302 1923 388 1990 Sunt
420 1917 560 2010 quidem
584 1917 671 2008 apud
703 1931 811 2008 patres
835 1931 983 2003 veteres,
1022 1921 1078 2010 qui
1110 1925 1296 2010 apostolum

219 2041 384 2099 auctorem
397 2025 573 2114 negabant,
591 2030 631 2093 de
646 2027 777 2091 diverso
797 2038 928 2090 auctore
948 2048 1098 2092 rumores
1114 2028 1212 2108 varii,
1234 2029 1291 2094 sed

126 2113 130 2124 '
217 2135 242 2202 ii
261 2147 328 2200 tam
348 2132 423 2250 vagi
443 2143 480 2198 ut
501 2143 589 2197 certa
608 2131 647 2198 iis
669 2131 783 2216 haberi
804 2143 941 2215 nequeat
960 2119 1066 2212 fides.
1103 2133 1195 2202 Vero
1217 2135 1293 2220 qui-

217 2238 292 2302 dem
313 2237 466 2326 proxima
486 2247 555 2300 erat
568 2233 721 2324 Dionysn
732 2236 953 2308 Alexandrini
972 2237 1143 2320 sententia,
1163 2240 1290 2306 Johan-

215 2357 294 2409 nem
323 2341 435 2408 forsan
468 2339 635 2406 diversum
669 2338 743 2406 libri
775 2327 943 2404 auctorent
975 2365 1057 2408 csse
1071 2341 1303 2428 conjicientis}

216 2448 316 2535 quod·
336 2449 391 2511 vel
421 2445 555 2511 historia
587 2444 670 2508 duce
701 2443 832 2530 prwobni
859 2443 977 2530 possit,
1007 2473 1034 2514 st
1026 2450 1170 2536 Papiae
1188 2449 1288 2516 fidem

207 2555 334 2640 ‚justam
353 2529 465 2618 habirit
484 2549 642 2616 Eusebius
672 2549 727 2629 (h.
748 2573 777 2618 e.
799 2559 830 2627 3.
850 2559 902 2622 25·
923 2561 977 2626 39
997 2565 1028 2634 7,
1050 2559 1137 2633 25·)‚
1164 2553 1288 2639 Ephesi

185 2673 193 2719 ἱ
213 2683 249 2724 se
269 2658 425 2724 lobannis
453 2656 621 2739 cujusdam
642 2653 829 2742 presbyteri
850 2657 1012 2721 tumulum
1038 2656 1130 2742 juxta
1152 2659 1288 2744 apostoli

213 2763 376 2830 tumulum
397 2759 517 2826 vidisse
536 2759 719 2846 affirmanti.
775 2759 838 2826 Sed
861 2783 936 2826 cum
959 2759 1116 2828 Eusebius
1137 2765 1287 2851 proba·

216 2853 361 2934 b'ititer
381 2858 497 2950 (εἰκός)
517 2877 645 2934 tautum
666 2865 833 2930 diversum
855 2863 1140 2932 hunc‘tohannem
1155 2867 1286 2958 intelligi

213 2993 310 3060 posse
333 2972 441 3058 operis
458 2983 623 3038 auctorem
646 2971 747 3050 dicat,
766 2992 934 3036 rumorem
955 2965 1031 3038 saue
1051 2973 1206 3040 habemus
1225 2997 1287 3040 va·

214 3099 313 3164 gum,
334 3077 425 3162 cujus
447 3073 605 3160 originem
627 3087 660 3140 et
679 3073 779 3140 [idem
800 3078 971 3142 nescimus.
1014 3077 1080 3166 Qui
1100 3103 1181 3146 vero
1199 3081 1283 3146 inter

211 3195 340 3249 veteres
369 3181 617 3248 Cerinthum
648 3177 957 3248 auctoremfaciunt
975 3183 1023 3262 (v.
1041 3203 1141 3270 supra
1160 3205 1195 3271 p.
1209 3190 1284 3268 62),

211 3309 282 3354 non
305 3287 426 3352 saciant
453 3284 517 3350 hoo
546 3286 606 3352 nisi
633 3285 718 3371 quod
741 3307 816 3350 cum
837 3285 1121 3374 librumapostolo
1139 3290 1283 3356 tribuere

152 3406 175 3488 ,ᾖ
212 3393 412 3472 dubitarent,
441 3402 607 3456 auctorem
637 3391 705 3476 ejus
732 3389 830 3454 alium
862 3413 1001 3478 eumque
1029 3389 1227 3458 haereticum
1248 3405 1282 3462 et
1335 3474 1339 3482 1

25 3483 29 3493 ’
121 3508 124 3518 ’
210 3487 694 3583 invisumcircumspiciebant3
713 3495 801 3560 unde
822 3495 913 3562 facile
933 3497 971 3563 ad
988 3497 1183 3589 cerinthum
1201 3521 1281 3587 apo-

124 3655 131 3669 .
212 3601 284 3666 stoli
312 3619 469 3664 coaevum
497 3613 531 3680 et
556 3602 726 3668 inimicum
746 3613 910 3666 auctorem
933 3601 1138 3688 cogitandum
1160 3605 1281 3694 delapsi

158 3745 160 3755 ‹
208 3715 298 3782 sunt.
354 3704 465 3790 Quam
484 3706 525 3771 de
547 3707 705 3773 Cerintho
726 3706 798 3772 libri
820 3707 935 3790 hujus,
971 3709 1061 3792 quasi
1080 3711 1210 3802 spurius
1237 3712 1279 3778 sit

210 3820 244 3875 et
272 3831 315 3874 ex
336 3807 464 3876 fictione
484 3814 621 3902 apostoli
642 3834 764 3878 nomen
783 3831 863 3899 prae
883 3834 918 3876 se
938 3809 1037 3896 ferat,
1069 3828 1201 3880 auctore
1222 3815 1277 3902 qui

243 4008 277 4080 1)
293 4027 358 4070 natu
375 4013 532 4082 apostolum
550 4015 688 4086 evangelii
705 4021 731 4068 et
747 4011 926 4082 epistolarum
946 4023 1087 4068 auctorem
1103 4032 1164 4071 esse
1180 4017 1276 4072 uultus

246 4169 250 4172 .
280 4102 391 4170 dubito,
417 4121 487 4174 quaa
514 4113 616 4160 uostris
640 4101 812 4174 temporibus
830 4114 925 4154 cotnra
944 4103 1014 4156 hanc
1032 4112 1195 4164 cantandam
1212 4117 1276 4163 1110-

279 4201 430 4267 attenuat,
448 4203 618 4270 argumentis
636 4197 744 4251 idoneis
763 4195 879 4269 destitul
893 4201 1003 4264 putans.
