2848 4682
95 258 260 384 Expend.
276 311 349 362 var.
370 289 414 356 de
432 307 567 438 argum.
589 287 795 434 adintegrit.
811 286 894 358 libri
911 275 1081 381 opinion
1122 297 1169 370 25

180 448 314 548 Omnia
331 468 440 536 fere
430 493 465 536 ιιι
490 494 587 539 sensu
612 485 700 537 recte
730 470 953 538 constituendo
986 401 1171 558 dependent
1223 517 1226 526 ι

96 579 136 644 ab
162 565 407 642 hostibus
398 575 557 662 impiis,
595 598 676 662 quos
711 579 794 644 tecte
828 577 935 644 innuit
957 589 1096 657 fauctor,
1128 603 1172 646 ex
1233 583 1260 623 “·

94 683 221 750 iudiciis
243 671 369 772 tamen,
403 702 486 775 quae
501 681 688 762 admiscuit,
718 695 767 748 sat
794 679 922 756 multis
928 699 965 747 et
993 686 1172 770 perspicuis

88 789 182 855 bene
211 783 478 909 cognoscendis.
488 786 669 874 Suntque
689 786 729 855 de
761 787 811 854 his
847 788 911 854 duo
939 788 1173 910 interpretandi
1248 865 1250 872 ¹
1340 819 1342 826 ’

97 915 227 1022 genera.

181 1101 209 1168 I.
241 1098 391 1178 Credunt
418 1099 530 1180 multi,
567 1111 734 1167 auctorem
755 1119 837 1166 Ιιιοιι
868 1101 909 1165 de
935 1103 986 1168 sui
1015 1104 1173 1190 temporis
1199 1141 1203 1192 ¹.

97 1205 245 1272 hostibus
264 1206 369 1292 loqui,
399 1205 456 1269 sed
477 1204 698 1272 defuturis
720 1203 774 1270 vel
797 1191 1092 1323 postimmensum
1112 1231 1173 1273 an·
1199 1207 1205 1314 ζ

96 1295 219 1372 norum
239 1309 455 1386 intervallum.
511 1309 604 1420 Quae
631 1321 742 1376 tamen
764 1299 874 1406 opinio
900 1333 944 1378 ex
964 1311 1057 1376 falsa
1053 1323 1099 1376 et
1121 1311 1174 1383 ni·
1202 1328 1206 1386 3
1263 1347 1276 1374 .=

54 1433 56 1440 ’
96 1415 161 1478 mis
190 1399 287 1486 anxia
315 1414 541 1480 vaticiniorum
568 1411 715 1480 notione
729 1427 818 1496 orta,
849 1416 896 1480 nil
921 1415 1019 1480 habet
1039 1416 1174 1480 omnino
1204 1390 1212 1462 l

77 1539 165 1604 ·quo
193 1542 227 1584 se
258 1530 395 1586 tueatur.
449 1519 590 1586 Nam‘
559 1543 602 1584 ne
625 1521 749 1602 dicam,
784 1519 912 1607 siquid
933 1519 1012 1584 utile
1031 1518 1175 1584 scribere
1209 1517 1215 1565 ·'

98 1625 266 1710 voluerint
303 1599 446 1688 auctores
476 1629 576 1709 sacri,
611 1629 699 1694 baud
729 1627 825 1694 dubie
852 1639 926 1692 tum
955 1645 1070 1688 omnes
1103 1636 1176 1688 tum
1208 1619 1213 1628 ’

98 1741 192 1796 vates
221 1729 426 1848 potissimum
455 1732 492 1796 iu
522 1735 572 1798 sui
611 1736 770 1822 temporis
802 1723 1031 1810 commodum,
1071 1731 1176 1814 qualia
1199 1787 1210 1804 ,,
1275 1717 1278 1763 1

99 1834 215 1900 coaevi
230 1833 323 1920 ipsi
312 1831 395 1898 bene
411 1836 652 1922 perspicerent,
672 1838 814 1930 scribere
834 1817 998 1915 debuisse,
1018 1831 1178 1914 omnium,
1208 1823 1215 1912 ἶ,

98 1939 140 2002 ad
165 1960 306 2024 quorum
325 1962 426 2026 genus
449 1941 668 2060 Apocalypsis
688 1922 845 2036 pertinet,
866 1963 1005 2030 operum
1024 1941 1178 2031 similium
1211 1979 1214 1990 =

98 2045 198 2108 1atio
206 2057 238 2108 et
260 2046 429 2110 consilium
457 2045 532 2110 huic
553 2047 700 2134 opinioni
732 2047 849 2112 obstat.
899 2047 1019 2115 Nam
1010 2069 1046 2112 ιιι
1066 2047 1178 2111 omni-

32 2228 34 2242 Ι
94 2151 161 2214 bus
182 2149 232 2215 bis
253 2161 403 2236 tempora
424 2125 618 2235 quibuscum
641 2154 806 2219 coaevis
829 2145 1082 2228 conflictandum
1102 2161 1181 2228 erat,

98 2255 281 2320 calamitosa
308 2269 341 2318 et
372 2255 518 2348 luctuosa
545 2279 658 2322 ansam
686 2257 726 2322 ad
756 2255 966 2334 scribendum
995 2253 1178 2342 praebuere

97 2350 249 2441 vatibus3
280 2381 417 2426 coaevos
446 2361 542 2448 gravi
571 2364 784 2428 vexationum
813 2383 913 2426 onere
941 2381 1087 2448 pressos,
1118 2359 1179 2422 de-

99 2478 289 2554 sperantes,
307 2464 422 2550 ·fidem,
437 2465 632 2552 abnegantes
649 2469 878 2548 consolantnr3
909 2467 1039 2551 erigunt
1058 2463 1177 2528 suturis
1265 2502 1267 2510 ‚

98 2568 263 2654 virtutum¹
297 2586 329 2634 et
358 2571 520 2658 imprimis
544 2571 739 2636 constantiae
767 2557 927 2658 'praemiis
956 2566 1178 2652 ostentandis,·

76 2669 227 2740 'terrent
253 2677 367 2762 poenis
397 2689 470 2742 tum
497 2686 818 2764 tyrannorum'tum
840 2673 939 2738 fidem
960 2671 1181 2758 deserentium
1247 2691 1249 2700 ’

51 2847 54 2851 ,
99 2779 221 2846 suturis
250 2776 453 2870 viridissime
479 2777 708 2870 depingendis3
736 2803 817 2866 quae
837 2775 947 2844 futura
971 2784 1105 2868 sperant
1125 2776 1180 2839 vel
1220 2845 1223 2852 ‚
1261 2848 1265 2856 s

100 2885 286 2966 minantur,
321 2886 444 2971 etipsa
467 2909 510 2950 ex
538 2884 744 2974 opinionibus
771 2883 841 2948 aevi
863 2883 946 2948 illius
969 2877 1191 2962 dijudicanda
1225 2937 1226 2944 ,

101 3003 181 3056 vota
207 3003 334 3061 tantum
366 2987 399 3054 et'
419 3001 512 3075 spem
531 2989 618 3076 piam
641 3011 684 3055 ex
707 2989 849 3068 divinae,
882 3009 964 3072 quae
986 2984 1047 3049 sibi
1065 2985 1101 3048 in
1123 3006 1180 3047 ae·
1208 3020 1211 3028 ,

99 3105 236 3160 ternum
252 3093 421 3172 constabit,
439 3094 578 3178 justitiae
592 3093 662 3162 idea
679 3093 826 3157 haustam
844 3091 1031 3170 continent,
1052 3109 1133 3174 quae
1151 3090 1180 3154 si
1198 3091 1200 3096 ’
1242 3169 1246 3176 ,
1303 3073 1305 3086 ’

15 3209 16 3212 ’
101 3197 142 3262 de
163 3199 216 3264 his
235 3198 388 3286 operibus
405 3197 487 3260 bene
506 3209 672 3274 tenemus,
692 3201 905 3288 intelligemus
920 3194 1067 3280 quidem,
1080 3204 1196 3279 opera'
1261 3254 1264 3263 .

100 3294 201 3387 hujus
219 3295 361 3396 generis
389 3305 595 3390 paraenetica
623 3305 688 3370 suis
717 3306 862 3390 *quorum
891 3300 1002 3365 usibus
1037 3299 1179 3386 destina-

100 3409 223 3486 bantur
252 3409 455 3496 temporibus
478 3411 666 3500 ‘ntilissima,
686 3404 834 3488 nostrae,
864 3405 901 3470 in
921 3427 985 3492 qua
1005 3404 1100 3491 longe
1120 3405 1191 3470 alia,

104 3534 141 3575 se
170 3509 294 3599 pandit¹
314 3535 428 3602 rerum
456 3511 570 3593 facies,
585 3581 592 3588 ,,
604 3513 710 3578 aetatis
732 3512 842 3578 usibus
866 3535 909 3578 ex
935 3523 1029 3600 parte
1050 3521 1181 3604 tantum
1203 3532 1205 3545 ’

101 3613 267 3682 inservire
287 3609 402 3704 posse,
437 3619 572 3706 egregiis
599 3619 793 3705 praesertim
820 3618 936 3706 quibus
958 3638 1052 3703 saepe
1074 3616 1180 3680 abun-

104 3721 185 3786 dant
214 3721 254 3786 ad
277 3724 444 3790 »virtutem
474 3735 507 3787 et
539 3722 751 3792 constantiam
780 3724 1055 3792 intermalorum
1082 3743 1180 3786 onera

104 3815 262 3892 tuendam
287 3827 563 3913 adhortationibus
571 3831 583 3893 ι’
613 3841 647 3893 at
673 3832 816 3918 probum
844 3824 875 3895 et
895 3831 989 3918 pium
1010 3839 1180 3892 auctorum
1314 3905 1318 3918 1

108 3931 279 3998 consilium
311 3957 522 4024 agnoscemus
552 3925 584 4000 et
610 3933 775 4020 judicium
793 3935 832 3999 de
858 3935 1009 4022 operibus
1037 3931 1180 4014 feremus
1205 3945 1206 3948 ’
1239 3961 1244 3967 ’
1299 3955 1308 3968 ·

109 4037 245 4115 justum.
286 4037 400 4130 thue
421 4041 582 4132 Danielis,
602 4041 770 4122 Henochi,
788 4039 1004 4106 Pseudoesrae
1026 4039 1182 4104 aliorum-
1222 4041 1231 4048 “

107 4162 169 4224 que
190 4141 425 4232 hujusiindolis
452 4145 525 4212 libri
550 4159 708 4232 tyrannos
730 4146 781 4209 vel
803 4143 919 4230 impios
940 4143 988 4208 sui
1017 4142 1184 4236 temporis,
