2840 4690
536 313 825 410 Interpretes'„
969 299 972 318 ⁸
1088 277 1192 413 ἱ81Ι

114 515 172 561 eos
202 491 336 584 plurimi
367 496 467 562 secuti
495 509 589 578 sunt,
620 497 740 564 bonam
758 499 846 566 dibri
868 485 969 570 tidem
989 511 1193 591 meritona

113 601 310 678 studebantt
342 615 555 690 quaeautern
574 602 612 668 ad
636 625 718 691 opus
738 607 1191 692 apostolotribuendumar·

112 719 279 794 gumeuta
298 706 487 796 proferunt,
518 729 555 772 ea
585 709 687 794 (apud
704 710 893 783 Herderum
915 726 949 780 et
967 717 1189 808 Hartwigium

21 865 23 872 ,
111 815 335 908 potissimum)
365 813 509 914 speciosa
543 823 577 876 et
598 813 770 898 splendida
799 815 939 898 dixeris,
966 843 1044 888 vera
1070 825 1205 896 habere¹
1259 819 1261 844 ¹

112 939 183 984 ιιοιι
211 919 343 1006 poteris.
416 917 551 1003 Quare
563 932 674 997 nostro
705 918 833 986 tandem
861 944 942 988 aevo
979 923 1186 1018 gratulemur,

84 1047 89 1066 ·
111 1021 215 1116 qaod
221 1023 307 1088 inter
328 1021 392 1087 duo
410 1019 489 1086 haec
508 1041 608 1106 quae
602 1021 665 1088 diu
684 1025 775 1091 sibi
765 1027 897 1092 ruimic'a
916 1029 960 1094 ita
980 1031 1185 1122 obstiterunt,

109 1139 149 1190 ut
171 1125 243 1194 falsi
275 1141 308 1190 et
338 1124 412 1192 ven'
440 1127 606 1212 uminque
624 1113 706 1194 esset
727 1134 881 1215 multum,
914 1133 945 1200 id
969 1139 1076 1222 potins
1098 1125 1184 1232 eligit

109 1229 265 1310 unicum,
293 1229 345 1304 oui
368 1227 437 1311 {alsi
458 1235 632 1318 (quantum
654 1233 717 1300 hac
735 1249 838 1330 aetate
859 1235 1093 1327 antiquitatem·
1097 1269 1185 1313 asse·
1262 1255 1264 1268 '

108 1336 168 1421 qui
187 1329 276 1418 licet)
295 1345 328 1400 et
347 1334 450 1420 iniqui
470 1335 550 1400 nihil
572 1335 767 1404 admixtum
772 1354 831 1408 est.
859 1345 944 1410 stet
960 1359 995 1410 et
1011 1349 1107 1417 stabit
1125 1345 1182 1418 sua
1233 1372 1235 1392 ’
1284 1365 1287 1372 ’

98 1441 298 1508 'auctoritate
322 1437 423 1521 liber,
458 1441 643 1546 apostolum
676 1458 805 1511 tamen
802 1445 884 1531 ejus
900 1447 1074 1521 auctorem
1110 1479 1181 1524 esse

105 1564 275 1676 negamus.
643 1565 646 1577 '

430 1781 451 1802 ··
535 1761 620 1850 τι.
646 1779 697 1839 ιι.

436 1919 439 1930 ’
542 1888 730 1972 humectes.
791 1885 797 1894 ’

188 2057 283 2125 Libri
303 2059 400 2145 hujus
420 2081 534 2124 sensus
555 2059 681 2125 coaevis
700 2061 840 2125 auctoris
860 2064 945 2130 satis.
957 2079 1027 2134 erat
1047 2075 1178 2160 perspi·
1231 2122 1236 2156 Ι.

104 2181 201 2244 cuns,
227 2175 265 2231 ut
284 2165 511 2250 prudentiores
534 2165 667 2243 saltem,
695 2165 750 2250 qui
771 2165 944 2264 obscurius
961 2173 1084 2255 prolata
1109 2177 1177 2258 (οι.
1230 2168 1234 2196 ¹

101 2288 138 2386 p.
153 2279 184 2341 8.
200 2257 247 2349 9.)
273 2291 317 2334 ex
341 2269 529 2358 eruditionis
556 2267 733 2352 iudaicae
723 2257 854 2357 ingenio
874 2273 1176 2364 interpretarentur,

101 2372 137 2438 in
159 2395 199 2436 eo
225 2367 334 2438 erra're
362 2395 430 2437 ιιοιι
453 2373 600 2492 potuisse
622 2385 749 2437 certum
771 2374 829 2438 tibi
850 2379 1052 2462 persuadeas.
1111 2385 1176 2451 Sed
1212 2403 1215 2440 c

102 2498 201 2562 quam
222 2489 355 2564 repente
375 2497 493 2550 omma,
504 2487 624 2542 mutata
646 2477 738 2538 sunt!
759 2476 868 2556 Nero,
891 2485 991 2564 qualis
1005 2503 1176 2576 exspecta-

100 2579 212 2660 batur,
235 2580 442 2646 amiohristlr's
466 2603 535 2646 non
557 2581 699 2659 exstitit«,
729 2602 795 2644 neo
821 2594 927 2650 cetera
950 2589 997 2674 ¹ita
1025 2615 1191 2678 evenere,-

99 2698 138 2752 ut
165 2686 248 2750 vatis
276 2705 471 2750 coaevorum
494 2705 571 2770 spes.
587 2681 728 2764 ferebat3
763 2697 948 2776 mutataque
970 2707 1038 2761 tota
1058 2721 1171 2766 rerum
1277 2725 1280 2736 ·

97 2789 180 2856 facie
207 2791 355 2857 notiones
385 2789 482 2854 simul
508 2811 551 2852 ex
574 2800 723 2874 tempore
743 2791 882 2856 auctoris
909 2807 1020 2878 notae,
1054 2803 1171 2890 quibus

95 2895 273 2962 instructus
293 2897 437 2981 aequales
456 2892 640 2956 cohortatus
663 2905 747 2974 erat,
770 2899 932 2980 paullatim
953 2897 1172 2972 obliteraban·
1215 2914 1217 2920 '

95 3013 162 3066 tur.
206 3001 317 3088 Quare
336 2997 422 3063 haud
443 3001 617 3076 miramur,
638 2999 724 3082 quod
745 3003 843 3066 seculi
863 3003 928 3086 jam
951 3006 1084 3072 secundi
1105 3010 1171 3074 ini·
1232 3007 1240 3020 ’

94 3107 143 3170 ιιο
167 3127 299 3170 sensum
325 3102 399 3189 libri
422 3123 488 3166 uon
512 3099 594 3163 bene
614 3105 865 3190 assequebantur
883 3107 1030 3177 lectores.
1081 3111 1169 3178 Cum

94 3209 184 3272 enim
213 3209 284 3274 talis
313 3209 356 3272 sit
385 3207 437 3270 lric
463 3205 561 3285 liber,
596 3215 750 3280 ut'totus
777 3236 820 3278 ex
849 3225 998 3298 tempore
1028 3222 1168 3284 auctoris
1248 3251 1281 3301 χ

91 3325 186 3378 natus
208 3325 241 3378 et
261 3313 454 3378 coaevorum
475 3323 602 3378 tentum
626 3316 766 3380 auctoris
785 3317 857 3382 usui
885 3318 1037 3402 proximo
1061 3321 1169 3387 inser-

91 3419 222 3484 viturus
253 3441 320 3483 non
329 3417 451 3504 possit
478 3419 540 3481 tite
563 3419 732 3510 explicari,
760 3422 821 3486 nisi
844 3421 962 3508 ubique
987 3426 1168 3509 perfectam
1248 3413 1252 3424 ⁵

91 3537 252 3642 quantum
279 3519 350 3588 lieri
379 3532 486 3607 potest
509 3531 542 3584 et
561 3545 673 3590 veram
693 3527 849 3612 temporis
872 3525 999 3607 hujus'
990 3531 1165 3614 tmaginem

89 3627 201 3694 animo
220 3640 386 3692 teneamus
409 3623 563 3704 infixam,
585 3621 747 3711 quomodo
768 3631 887 3696 librum
898 3625 1166 3720 intelligeiepot-
1186 3684 1189 3691 .
1211 3671 1213 3678 ι

90 3747 185 3799 crant
216 3735 314 3800 seculi
343 3729 485 3804 secundi,
507 3742 541 3794 et
571 3733 773 3814 sequentium
807 3739 960 3813 lectores,
997 3736 1052 3818 qui
1086 3760 1165 3804 ¹oum

89 3850 215 3914 mutata
245 3845 356 3904 rerum
375 3836 465 3928 xfacie
486 3835 664 3920 aequalium
686 3838 824 3902 auctoris
846 3859 1025 3923 eorumque
1049 3860 1164 3906 neces-

88 3943 223 4017 sitatum
244 3942 436 4028 oblitiquae
458 3939 541 4007 libro
564 3941 649 4005 inest
670 3937 826 4004 derebus
848 3941 965 4008 futuris
988 3931 1071 4030 spes,
1092 3967 1165 4012 eam
1273 4007 1301 4025 „

33 4131 37 4140 1
87 4057 193 4112 totam
212 4059 244 4114 et
265 4047 376 4112 eadem
398 4071 459 4134 qua
480 4039 658 4134 descriptae
675 4057 753 4110 sunt
770 4043 874 4110 forma
894 4048 956 4112 sibi
977 4049 1031 4114 vel
1051 4063 1164 4136 poste-

86 4153 133 4218 ιιι
156 4153 408 4243 suspectandam
428 4144 610 4242 putarunt?
633 4154 689 4240 qni
709 4151 818 4218 omnia
841 4152 881 4220 ad
901 4151 1051 4221 futurum
1073 4168 1162 4227 tem·

917 4372 919 4382 Ι
968 4271 993 4350 6
