2840 4690
968 9 1063 72 k.

310 368 317 375 ἢ
335 256 380 328 11.
410 257 595 352 Visionen
641 273 674 340 1.
697 251 783 356 Cap.
802 268 838 348 4,
855 273 888 340 2.
906 271 940 361 3.
988 266 994 281 “
1070 338 1074 354 ‚
1093 215 1096 220 ἱ
1112 273 1186 347 135

51 443 55 450 “
108 450 347 526 tentore'eurn
369 445 554 520 attollente,
570 440 630 506 'hic
644 444 740 506 taceri
753 443 907 508 libentius
923 444 1070 508 videmus
1087 459 1182 533 quern

108 523 212 590 fusius
232 527 385 610 describi,
408 532 455 592 uti
477 531 603 616 saepius
625 523 702 590 fecit
722 543 830 592 auctor
853 525 979 614 Enochi
1000 537 1050 607 14,
1071 537 1181 612 9-21,

36 611 39 622 ’
108 623 213 690 3913·
235 623 286 690 70,
309 625 394 684 1-7·
415 623 467 689 86,
489 625 525 690 2.ι
579 613 687 678 Placet
707 613 779 703 ipsa
798 617 834 678 in
857 616 1007 696 fingendo
1027 617 1182 695 brevitas,

108 721 171 786 quo
203 698 325 762 diutius
353 701 489 770 lectores
512 703 714 782 gravioribus
737 699 974 767 considerandis
999 703 1181 768 irmnoren-

108 797 172 847 tur.
195 821 238 834 -·
278 785 323 848 V.
341 795 374 857 2.
407 781 658 874 Angustaquee
692 787 835 872 sequitur
867 789 980 850 throni
1009 788 1115 860 divini
1144 786 1184 864 ets

107 881 221 946 coetus,
246 891 318 934 cum
347 891 385 933 eo
418 873 498 934 sacri
531 871 704 958 descriptio
737 873 852 934 hausta
887 873 1017 960 quidem
1052 887 1101 938 est
1135 875 1185 940 ex*

107 957 256 1040 priorum
277 968 386 1021 vatum
406 959 568 1038 figmentis
588 956 655 1018 Jes.
676 963 706 1024 6.
734 953 840 1040 1Reg.
861 967 914 1034 22,
936 969 986 1031 19.
1005 957 1108 1030 ΕΜ.
1126 971 1178 1030 10.

108 1041 190 1105 Dan.
199 1051 237 1119 7,
259 1053 279 1115 9
298 1065 368 1130 sqq.
387 1035 564 1130 'imprimis‘
589 1038 630 1104 cf.
662 1041 794 1104 Enoch.
810 1049 867 1118 14,
891 1053 929 1114 12
952 1065 1023 1132 sqq.
1053 1057 1103 1120 18,
1127 1031 1191 1114 10.Ι

106 1135 158 1201 39,
178 1135 201 1198 7
223 1149 293 1218 sqq.
314 1129 498 1216 40,.1'sqq.
519 1126 573 1208 s'e'd
592 1139 830 1215 praeterquam,
853 1128 938 1214 quod
954 1129 1118 1194 lohannes
1139 1132 1187 1194 ad'

107 1211 232 1276 lesaiae
260 1211 405 1280 indolem
433 1211 583 1300 proxime
614 1212 762 1276 accedens
792 1215 873 1277 mira
900 1217 1009 1278 omnia
1031 1215 1179 1303 depingit

92 1300 264 1364 »brevitate
304 1309 336 1360 et
365 1293 549 1398 majestate,
568 1316 572 1324 ·
593 1297 656 1362 hoc
687 1294 777 1362 felici
807 1301 961 1380 figmento
994 1301 1179 1379 innovavit,

108 1383 193 1470 quod
213 1407 273 1472 pro
293 1387 480 1465 angelorum
501 1387 638 1448 catervis
660 1405 740 1471 quos
758 1387 896 1448 seriores
910 1383 1103 1456 Judeeormn
1119 1407 1178 1448 va·-

107 1481 155 1530 tes
177 1469 333 1536 thronum
354 1471 406 1534 dei
426 1473 552 1552 cingere
576 1471 720 1551 snrgunt,
748 1473 858 1532 beatos
882 1471 1037 1556 quosdam
1057 1469 1180 1534 Christi

108 1555 240 1618 asseclas
269 1556 399 1621 thronis
427 1555 606 1621 insidentes
636 1567 669 1618 et
693 1549 792 1642 quusi
814 1569 960 1618 senatum
981 1556 1034 1618 dei
1056 1559 1180 1620 consti-
1276 1631 1278 1636 ,

106 1652 230 1704 tuentes
251 1654 478 1726 repraesentat.
519 1641 563 1702 Ut
583 1641 671 1705 enim
691 1663 749 1728 per
769 1652 871 1702 totam
881 1636 1104 1727 Apocalypsin
1124 1638 1180 1706 su-
1241 1686 1265 1707 .·

107 1737 175 1788 tura
196 1726 344 1790 fidelium
367 1729 617 1790 christianorum
641 1727 784 1812 praemia
813 1747 935 1790 summa
956 1729 1179 1814 praedicantur
1245 1795 1248 1820 Ι

109 1812 220 1896 ιιῑμο]
251 1815 357 1892 angeli
380 1833 414 1875 se
437 1816 479 1876 iis
509 1835 577 1876 non
609 1807 790 1898 superiores
817 1815 958 1876 sentiant
986 1810 1102 1898 (v.19,
1126 1824 1177 1883 10.

108 1891 241 1960 Ascens-
263 1895 328 1962 les.
346 1909 376 1974 7,
398 1895 476 1984 22),
497 1893 546 1974 it'a
565 1895 725 1983 irnprirffi
746 1899 783 1958 hi
804 1919 898 1960 senes
919 1899 1117 1983 promissum
1137 1897 1178 1960 de
1264 1919 1268 1936 ¹

108 1983 171 2067 piis
193 1976 391 2048 Christianis
422 2007 495 2046 curn
515 1981 633 2044 Messio
662 1984 868 2063 regnantibus
896 1979 960 2058 (cf.
983 1983 1023 2046 ad
1047 1994 1075 2060 1,
1094 1989 1125 2052 5.
1147 1991 1178 2059 2,

111 2079 159 2137 11.
180 2073 211 2144 3,
234 2073 301 2151 21.)
332 2082 435 2132 retum
458 2067 546 2144 fore,
580 2069 720 2148 imagine
743 2070 821 2132 satis
843 2067 1011 2156 splendide
1033 2079 1065 2130 et
1087 2070 1183 2155 quasi

109 2174 141 2214 re
163 2146 234 2249 jamt
252 2149 572 2242 sacta‘comprobant.
614 2153 727 2238 Ipsum
749 2165 855 2218 autem
875 2151 932 2218 dei
953 2168 1073 2216 nomen
1095 2155 1177 2214 reti·

109 2249 155 2300 cet
175 2251 295 2303 auctor.
350 2241 393 2303 Ut
413 2244 501 2304 enim
524 2239 602 2302 alibi
622 2239 675 2303 dei
696 2260 816 2304 nomen
833 2239 958 2302 Je-hova
984 2239 1082 2302 nimis
1100 2259 1178 2300 san-
1269 2235 1274 2248 ’

109 2335 190 2387 ctum
205 2321 427 2412 praedicatis
448 2325 558 2416 potius
579 2327 834 2392 circumscribere.
867 2325 1048 2390 maluerunt
1072 2327 1178 2386 serio·
1251 2342 1253 2350 ’

109 2431 157 2474 res
177 2410 293 2474 ludaei
326 2415 377 2489 (v.
401 2411 445 2474 ad.
462 2424 491 2486 1,
511 2405 589 2494 4.),
606 2413 654 2474 sic
673 2411 838 2497 imprimis
860 2413 896 2472 in
918 2404 1048 2472 festivis
1071 2410 1180 2478 visio·¹
1223 2483 1226 2492 Ι

108 2504 183 2558 n‘um
209 2491 264 2558 dei
293 2496 564 2585 descriptionibus
585 2507 675 2563 vates
697 2497 834 2570 seriores
851 2495 1008 2576 ¹religioni
1029 2496 1091 2557 sibl
1117 2493 1182 2574 du-

110 2583 217 2645 cebant
256 2580 358 2647 deum.
384 2604 426 2645 ex
459 2583 651 2668 praedicetis
683 2585 833 2662 gravibus
863 2593 896 2644 et
925 2580 1197 2661 significantibus·

109 2669 363 2746 cognoscendum
386 2669 502 2733 lectori
522 2667 722 2755 relinquerer
751 2667 864 2732 crescit
886 2687 927 2728 ex
948 2667 1020 2752 ipsa
1039 2667 1179 2730 reticeri*

108 2753 150 2813 tia
169 2747 346 2850 majestatis
368 2749 499 2817 dionae
519 2765 650 2818 naturae
672 2775 785 2818 sensus
805 2765 837 2816 et
858 2753 1057 2828 reverentia,
1087 2749 1179 2842 quasi

109 2841 257 2921 mortales
291 2837 394 2904 deum
425 2840 534 2926 ipsum
565 2855 728 2929 nunquam
757 2857 949 2922 cognoscere
979 2835 1108 2926 possint
1136 2830 1178 2897 cf.

107 2920 183 2988 Deo.
204 2934 237 3000 7,
257 2933 289 2997 9.
310 2922 434 2988 Enoch.
457 2928 506 3000 14,
528 2935 567 2998 21
587 2945 657 3012 sqq.
684 2921 822 2990 Arcens.
844 2924 910 2986 les.
933 2933 982 2998 10,
1003 2927 1041 2998 63
1077 2932 1109 2985 et
1131 2921 1178 2983 sic

108 3029 162 3092 per
178 3019 281 3075 totam
300 3005 525 3098 Apocalypsin
547 3005 614 3074 fere
636 3011 689 3075 dei
709 3032 830 3075 nomen
850 3009 998 3073 reticetur
1013 3027 1030 3070 e
1048 3005 1178 3092 praedi·

109 3095 181 3156 cetis
201 3095 473 3177 intelligendum
495 3094 595 3160 elium
616 3090 719 3160 fuisse
740 3098 944 3184 antiquorum
959 3091 1178 3159 Hebraeorum

109 3197 235 3244 sensum
256 3203 298 3244 ex
319 3181 387 3246 les.
409 3190 439 3258 6,
462 3193 490 3254 1.
513 3193 655 3268 apparet.
676 3215 719 3232 -«
754 3181 799 3243 V.
814 3193 845 3252 3.
878 3174 1060 3258 Augustam
1072 3198 1178 3264 ,quom
1285 3175 1286 3179 ’

110 3265 189 3326 vidit
211 3277 342 3328 naturae
363 3266 494 3332 divinae
519 3270 660 3354 speciem
687 3289 754 3330 non
776 3276 903 3354 poterat
924 3263 1050 3350 aptiore
1082 3283 1178 3348 quam

111 3350 241 3414 luminis
259 3365 291 3416 et
312 3353 496 3439 splendoris
517 3356 636 3416 summi
659 3353 799 3431 imagine
821 3351 999 3413 describere
1020 3341 1061 3411 cs.
1083 3346 1122 3410 ad
1148 3359 1178 3422 1,
1228 3409 1231 3418 ,
1286 3379 1291 3385 -
1368 3357 1375 3382 ’

110 3443 145 3511 53
169 3435 226 3498 Ez.
251 3449 279 3516 1,
302 3445 333 3508 4.
352 3471 354 3474 -
375 3441 562 3520 rutilantem
593 3429 703 3520 igitur
723 3433 885 3518 fulgorem
902 3443 1078 3523 ·c01nparat
1107 3453 1178 3498 cunr

111 3519 242 3598 gemmis
265 3515 383 3587 coloris
404 3525 559 3612 pellucidi
580 3537 613 3587 et
636 3523 740 3599 rubri,
761 3533 820 3586 nec
841 3522 938 3600 anxie
983 3519 1066 3581 uelis
1087 3518 1178 3578 color
1232 3531 1236 3538 ‘
1287 3537 1295 3555 ²

110 3608 199 3668 ruber
220 3612 335 3698 cuique
351 3613 503 3697 proprius
523 3612 567 3672 sit
583 3609 772 3673 distinxisse
789 3605 927 3674 videtur.
1003 3627 1020 3667 e
1040 3599 1177 3688 iaspide

113 3697 202 3766 norb
225 3713 333 3800 lapide
354 3717 471 3800 partim
492 3735 585 3778 roseo
607 3707 726 3801 partim
747 3698 909 3800 purpureo
928 3709 1047 3796 partim
1065 3696 1177 3788 viridi,

112 3821 201 3884 quem
218 3803 258 3863 ob
273 3821 437 3870 summurn
456 3803 605 3864 ruborem
621 3799 771 3877 (secunda
793 3801 880 3861 enim
899 3796 1022 3884 species
1044 3792 1177 3854 intelli-

112 3886 208 3969 genda
230 3883 370 3972 videtur)
393 3889 521 3972 saepius
543 3888 690 3952 nominat
711 3897 762 3959 21,
786 3895 837 3954 11.
861 3892 911 3955 19,
936 3879 1068 3942 velta.
1089 3877 1124 3941 h.
1144 3897 1178 3938 n.
1232 3941 1234 3947 ,

112 3979 161 4047 37,
181 3983 233 4044 37.
278 3971 385 4036 Brenn
414 3971 591 4044 devestit.
620 3994 681 4034 sac.
711 3975 834 4056 p.584.
892 3965 1098 4056 Bellermann
1127 3959 1180 4024 die
1229 3980 1233 3984 ’

113 4053 200 4148 Ur'im
221 4057 293 4138 und.
310 4058 499 4128 Thurnmitn
521 4073 554 4145 p.
569 4065 621 4132 69.
656 4055 703 4150 υἘἰ
723 4056 843 4122 similia
864 4063 912 4118 est
931 4045 1063 4137 udodtoc
1084 4069 1179 4134 quein
1230 4107 1233 4111 ,
1283 4103 1290 4108 .
