2802 4684
186 317 263 437 ¹ll.
286 290 460 419 Visiones.
512 283 1001 416 11.32'Cap.11‚3-13=
1081 335 1155 414 197
1210 260 1214 268 1

80 502 194 569 eadem
213 501 273 567 illa
298 501 409 569 sedula
430 514 462 566 et
482 501 609 588 poetica
630 501 685 566 hic
703 508 852 575 consulto
880 505 1000 570 omissa
1021 503 1173 572 dicerida'

81 595 168 667 sint,
212 611 273 676 qua
308 601 416 652 vatem
448 591 577 674 saepius
611 589 802 674 praedicatis
831 595 983 672 gravibus
1016 604 1049 655 et
1075 596 1160 664 satia.
1263 607 1266 611 '
1309 593 1328 628 ⁴

77 678 246 738 distinctis
255 677 399 738 nomina
419 676 678 738 circumscribere
699 679 827 762 saepius
845 672 912 776 jam
929 690 1076 746 notatum
1093 692 1152 743 est.
1198 705 1201 710 ·

61 761 64 808 ¹
80 762 240 826 Dicuntur
260 773 366 822 autem
386 759 448 822 duo
470 762 529 820 isti
548 772 705 840 martyres
727 764 815 824 intra·
834 776 961 850 tempus
978 763 1069 840 illud,
1089 789 1150 853 quo

79 851 157 910 urbs
191 858 301 910 sancta
331 867 349 906 a
389 846 564 927 gentilibus
601 847 781 934 occupanda
817 859 850 910 et
871 839 1080 936 'profananda
1107 853 1151 913 sit
1252 847 1272 894 l
1355 907 1359 920 ,

79 937 131 1013 (v.
143 945 174 1004 2.
188 930 235 1016 3.)
256 934 279 995 i.
294 953 323 994 e.
340 945 444 1018 'usque
459 931 498 1006 ad
514 929 686 994 adventum
707 929 775 996 fere
789 929 928 998 llle'ssiae
946 933 1085 998 vindicis
1097 929 1152 1012 (cf.

78 1040 115 1080 v.
129 1029 240 1090 r3a15.
257 1027 307 1094 13,
322 1029 354 1088 5.
372 1019 481 1104 ibique
501 1013 673 1098 notanda),
691 1017 826 1082 in'urbe
847 1021 1004 1106 hac'ipsa‚
1025 1041 1153 1086 morum
1236 1039 1238 1050 ’

79 1115 151 1168 tum
179 1105 358 1189 pravitate,
399 1107 434 1166 e'
446 1101 618 1183 gentilium
644 1105 853 1190 potissimum
890 1107 1038 1186 contagio
1073 1119 1152 1186 orta,
1238 1134 1242 1144 ·

79 1207 205 1253 'summa
227 1191 392 1256 laborante
415 1184 462 1274 (v.
485 1193 615 1264 7-10.)
636 1187 675 1250 ad
693 1211 800 1254 mores
821 1192 1020 1253 orationibus
1041 1193 1153 1272 glavi-

72 1269 139 1338 'bus
152 1309 155 1325 ι
168 1273 384 1339 emendandos
411 1273 614 1360 ‘lllessiaeque
643 1263 744 1355 igitur
764 1277 918 1340 adventui
940 1279 1152 1341 animos-'ho-

77 1364 207 1425 minum
241 1360 476 1448 praeparandos
504 1371 538 1422 et
566 1361 775 1428 instruendos
791 1361 851 1426 'ita
867 1359 1038 1448 ‘prodituri
1067 1385 1150 1442 esse,

78 1460 116 1510 'ut
144 1448 328 1510 orationum
355 1455 391 1518 et,
414 1447 637 1508 hortationum
663 1447 733 1508 vim
762 1443 919 1521 factorum
939 1450 1097 1512 mirorum
1118 1459 1151 1514 et

78 1533 251 1619 potestatis
273 1531 438 1594 ‘divinitus
460 1532 502 1593 iis
528 1530 568 1592 ad
589 1534 732 1594 muneris
751 1533 936 1620 prophetici
958 1537 1149 1616 gravitatem

79 1615 256 1700 augendam
291 1617 381 1680 datae
413 1631 554 1679 summae
582 1619 760 1702 specimina
787 1619 981 1680 comitentur
1006 1621 1149 1702 insignia

77 1709 127 1781 (v.
148 1714 179 1776 54
200 1701 270 1789 6.),
302 1701 404 1765 donec
432 1702 561 1766 taudem
592 1724 610 1764 a
634 1705 806 1782 gentilium
824 1705 929 1790 princi
955 1725 973 1767 e
994 1709 1090 1768 occisi
1112 1708 1148 1770 in

77 1790 204 1852 ‘coelum
231 1787 362 1852 redeant
389 1787 438 1863 (v.
459 1779 509 1858 lt.
533 1785 618 1866 12.),Ι
651 1791 756 1873 spatio
788 1791 887 1869 igitur
906 1723 1149 1872 ithamarum

77 1876 313 1964 praeterlapso‚
335 1871 536 1960 adventuque
560 1871 714 1950 Maeuiae,
736 1882 774 1947 ut
791 1871 887 1937 facile
908 1876 1026 1938 exinde
1047 1897 1148 1962 appa-

77 1973 144 2038 ret,
165 1962 315 2050 proxime
334 1960 496 2022 instantes
528 1955 620 2042 Quae
638 1958 789 2022 siorttnia
802 1973 1038 2044 conmutatum,
1061 1960 1148 2026 haud

79 2049 214 2110 omnino
236 2033 459 2120 dubitandum,
482 2046 561 2130 quin
581 2055 671 2106 vates
683 2043 804 2108 Elium
823 2047 1017 2132 prophetam
1028 2048 1148 2120 alium·
1328 2055 1332 2072 '

43 2135 48 2154 '
77 2155 139 2220 que
165 2127 236 2228 ejus
259 2131 401 2206 socium,
430 2131 521 2192 velut
542 2125 750 2206 Hehochum‚
771 2130 826 2192 hic
847 2131 1000 2193 innuerit.
1040 2130 1153 2197 Ellam
1220 2122 1225 2133 ’

77 2221 167 2280 enim
197 2227 251 2278 aut
281 2217 388 2278 solum
422 2227 476 2276 aut
506 2215 571 2276 alio
599 2217 759 2301 propheta
787 2237 885 2301 aeque
912 2218 1011 2282 claro'
1028 2219 1146 2287 comite
1231 2266 1233 2271 .
1328 2241 1332 2260 ⁴

76 2305 193 2366 ultime
216 2317 360 2388 tempore
379 2299 518 2364 Moesiae
537 2299 690 2363 adventui
710 2303 844 2386 praevio
866 2303 903 2364 in
924 2315 1008 2366 terra
1028 2305 1146 2383 iterum

76 2391 296 2476 appariturum
324 2407 394 2449 esse
416 2387 529 2472 opinio
545 2391 604 2448 'est
625 2397 809 2472 temporum
833 2385 966 2450 illorum
988 2391 1147 2470 vulgatis*

76 2478 176 2552 sima,
198 2493 277 2561 quae
297 2493 360 2558 quo
382 2491 400 2534 e
422 2467 514 2554 fonte
534 2483 605 2538 urta
624 2473 794 2558 paullatim
810 2472 908 2534 latius
921 2479 1147 2561 proserpserit,

75 2573 109 2624 et
130 2558 290 2648 quomodo
313 2579 332 2620 a
350 2568 425 2619 vate
446 2560 483 2618 iu
505 2578 580 2620 sues
601 2561 646 2620 sit
671 2557 815 2620 adhibita
843 2565 940 2636 usus}
969 2564 1079 2648 paucis
1100 2564 1147 2626 sic
1171 2607 1173 2617 .

73 2649 192 2732 accipe.
239 2643 345 2708 Eliam
372 2644 566 2729 prophetam
586 2643 625 2706 ad
645 2644 796 2706 homines
817 2663 937 2728 pravos
966 2647 1145 2711 educendos

74 2736 250 2796 interram
279 2737 443 2792 re'versum
470 2727 606 2792 blessiae
630 2729 782 2814 proxime
803 2729 979 2794 adventure
1002 2733 1148 2818 praeitu-¹

73 2839 147 2882 rum
168 2838 256 2892 esse,
291 2815 415 2900 primus
435 2826 590 2898 quantum
610 2817 727 2876 scimus
748 2815 848 2876 finxit
868 2814 946 2878 lllal.
966 2825 997 2890 3,
1018 2827 1071 2887 93.
1091 2823 1144 2890 24.

73 2903 119 2992 (4,
140 2904 204 2988 4.),
225 2913 262 2963 ut
282 2903 319 2963 in
336 2899 495 2961 Malachia
517 2901 572 2961 vel
592 2900 627 2963 in
648 2899 761 2962 aetatis
782 2900 897 2964 saltem
919 2894 988 2996 ejus
1009 2903 1141 2982 ingenio

74 3004 107 3056 et
138 2985 364 3078 speprimum
386 2985 554 3070 opinionis
575 2979 672 3080 hujus
693 2981 818 3048 fonte'm
839 3007 1001 3068 agnoscas.
1052 2983 1144 3069 Quid
1236 2995 1240 3009 ¹

71 3077 163 3143 en'im
184 3096 200 3136 a
227 3074 291 3135 tius
313 3070 498 3132 etsuavius
517 3079 571 3132 aut
600 3089 657 3156 spe
678 3083 732 3134 aut
752 3082 832 3134 voto
855 3073 982 3158 concipi
999 3083 1142 3158 poterat,

50 3161 167 3253 ,quam
198 3095 258 3222 cleo
287 3158 343 3219 vel
360 3155 504 3218 lllessiae
531 3151 656 3251 justitia
686 3175 810 3220 summa
837 3167 870 3219 et
890 3177 994 3242 poena
1014 3167 1143 3221 strenua
1179 3157 1182 3164 ’

68 3251 157 3313 nulli
174 3245 263 3308 sonti
276 3255 422 3331 parcente
441 3240 618 3303 adventure
639 3245 832 3328 prophetam
847 3261 977 3323 gravem
993 3263 1143 3328 praeces·

68 3355 182 3399 surum
196 3351 283 3408 esse,
305 3329 361 3414 qui
377 3327 528 3388 homines
545 3342 726 3412 praeparet,
748 3331 901 3406 instruat,
922 3329 1085 3405 hortetur,
1106 3339 1143 3390 ut
1220 3359 1223 3364 ·

11 3471 12 3474 ,
68 3443 112 3485 ne
136 3409 242 3482 salute
262 3414 413 3502 proxima
435 3415 582 3474 suasssese
602 3415 734 3498 privent
754 3415 856 3498 culpa.
898 3409 1040 3500 Cumque
1059 3417 1141 3477 circa

67 3497 249 3571 Malachiae
269 3513 416 3584 tempora
433 3497 552 3559 seriora
567 3499 746 3584 prophetae
767 3497 878 3584 coaevi
899 3493 967 3560 fere
988 3499 1142 3562 exstincti

70 3603 127 3654 aut
156 3587 295 3653 minoris
322 3583 489 3646 aestumati
510 3593 634 3660 essent,
657 3585 788 3668 pristini
808 3605 886 3646 vero
910 3583 1030 3648 dudum
1050 3606 1141 3652 ntor·
1193 3591 1196 3597 ’

10 3727 11 3736 ,
69 3679 120 3740 tui
152 3669 292 3762 plurima
323 3667 506 3750 gauderent
526 3669 730 3746 auctoritate,
764 3668 841 3756 quid
871 3671 997 3732 mirum¹
1014 3669 1139 3756 quode

68 3749 242 3851 prophetis
272 3757 326 3822 his
354 3753 503 3840 pristinis
529 3751 636 3816 Eliam
656 3755 882 3834 gravissimum
903 3767 934 3820 et
954 3751 1044 3817 factis
1068 3756 1140 3816 sin-

69 3849 235 3932 gularibus
263 3841 505 3906 celeberrimum
534 3860 552 3900 e
585 3839 694 3916 coelo,
721 3829 789 3926 ¹quo
818 3839 1000 3904 ascenderat
1027 3843 1077 3916 (v.-
1098 3837 1139 3904 ad

69 3957 104 3998 v.
118 3937 194 4013 12),
214 3930 253 3992 ad
271 3927 502 4010 gravissimum
522 3924 585 3984 hoc
606 3927 845 4012 exsequendum
858 3945 973 3989 munus
992 3925 1139 4010 prophe*-

68 4012 186 4094 ticum,
204 4018 240 4080 in
269 4007 386 4076 terram
418 4009 596 4072 rediturum
622 4018 701 4083 'esse
730 4033 767 4072 cu
791 4023 881 4075 erent
897 4050 899 4054 ι
913 4011 1138 4098 crederentqua

69 4103 241 4195 paullatim
268 4095 387 4176 utulti?
418 4095 532 4182 Sitque
564 4095 642 4158 haec
669 4095 753 4183 apud
768 4033 965 4178 hlaiacbiam
985 4117 1138 4182 expressa
