2848 4682
121 336 125 356 ,
233 253 286 358 64
387 275 446 348 De
472 273 728 346 auctore=libri
749 278 957 370 testimonia
981 287 1191 378 ratarum.¹

234 456 358 524 dudum
378 456 479 524 fidem
502 458 777 536 etauctoritatem
801 459 1053 544 conciliaverat,¹
1069 463 1308 530 secernendum

232 585 302 633 case
327 564 473 647 judicet?
500 565 698 650 Unquamne
725 565 828 633 simile
854 553 938 632 inter
964 565 1075 636 Patres
1102 567 1305 634 orthodoxos

188 661 203 705 Ὺ
232 671 444 758 exemplum?
468 662 541 755 'Qui
560 679 598 734 ut
618 669 765 736 dubitare
786 669 957 756 aqtlerent,
980 693 1047 736 non
1069 684 1220 758 poterant
1240 675 1304 742 nisi

132 852 135 866 ι
209 773 319 862 ιΓειιηα
339 775 534 861 antiquitatis
556 775 596 840 de
617 786 749 853 auctore
769 776 913 842 incertae
935 775 1060 847 adduci.
1108 787 1114 797 '

232 938 236 944 ¹
312 917 354 994 3)
381 901 587 978 Eusebius
612 913 833 979 caesareensis
855 915 897 995 (c.
911 918 1006 997 320.)
1030 914 1062 978 h.
1075 937 1102 978 e.
1125 923 1156 994 3,
1177 925 1229 988 23.
1247 917 1302 987 94.

184 1027 186 1041 '
227 1027 281 1094 39.
299 1020 420 1084 multos
437 1029 549 1083 narrat
564 1017 684 1084 librum
699 1019 785 1086 inter
803 1017 1073 1105 homologumena
1088 1017 1299 1084 referendum

227 1141 358 1186 censere
378 1125 545 1209 pauciores
565 1124 649 1190 inter
661 1125 912 1212 antilegomeua3
934 1126 1004 1212 ipse
1017 1123 1138 1190 librum
1148 1124 1188 1189 ab
1199 1124 1302 1211 Apoe

118 1222 124 1234 ’
226 1228 308 1293 stolo
330 1249 397 1292 ncn
418 1230 575 1318 scriptum
596 1251 665 1294 esse
684 1241 840 1294 autumat.
889 1229 990 1313 Cujus
1011 1227 1141 1315 quidem
1162 1241 1298 1294 senten-

227 1333 287 1414 ua,
323 1355 506 1419 quanquam
538 1336 735 1422 Apostolum
765 1357 833 1400 non
859 1351 932 1400 esse
949 1337 1114 1400 auctorem
1135 1333 1297 1400 historicis

224 1441 422 1526 argumentis
443 1451 493 1505 sat
512 1443 666 1528 gravibus
684 1462 753 1504 non
774 1441 895 1506 evincit
910 1440 958 1522 ¹),
978 1452 1088 1504 tamen
1110 1451 1295 1506 memoratu

174 1575 177 1590 ¹
221 1557 270 1610 est
291 1543 487 1632 dignissima.
529 1545 663 1612 Constat
682 1545 772 1610 enim
790 1545 920 1612 Eusebii
941 1545 1072 1610 demum
1094 1557 1197 1612 aetate
1219 1545 1296 1610 dili-

163 1655 165 1662 ’
220 1650 348 1740 gentius
369 1649 403 1715 in
423 1650 544 1736 scripse
557 1648 901 1735 Aposlolorumfuisse
914 1650 1160 1746 investigatum
1186 1651 1294 1738 quod·
1415 1714 1419 1739 ,

156 1759 159 1769 “
220 1777 285 1841 que
303 1755 530 1842 Apocalypsin
550 1777 625 1818 cum
646 1755 774 1838 Jacobi,
805 1757 922 1840 iudae,
948 1756 1036 1821 Petri
1057 1759 1154 1822 altera
1179 1767 1211 1822 et
1231 1758 1293 1821 lo-

219 1859 335 1926 hannis
356 1860 479 1925 duabus
493 1860 725 1948 posterioribus
743 1863 817 1950 epp.
834 1863 919 1928 inter
933 1861 1164 1948 antilegcmena
1178 1857 1291 1941 refert,

217 1965 303 2030 haud
337 1965 433 2031 dubie
461 1978 605 2048 nonest
634 1986 709 2032 casu
739 1965 873 2033 factum·
933 1969 1021 2034 Nam
1052 1955 1201 2053 epistolas
1230 1965 1291 2030 has

218 2071 355 2136 omnino
384 2093 497 2136 causae
524 2071 668 2139 aderant
686 2095 802 2161 graves
831 2095 889 2139 cur
917 2072 954 2139 in
974 2071 1110 2138 dubium
1130 2081 1289 2138 vocarent

214 2175 347 2243 Eusebii
368 2178 511 2264 aequales
535 2175 586 2258 ²).

298 2315 378 2382 Post
402 2313 534 2380 Eusebii
562 2326 698 2382 aetatem
718 2317 809 2396 uaria
830 2313 892 2381 fuit
912 2325 945 2401 et
963 2313 1070 2402 impar
1091 2311 1288 2402 Apocalyp-
1313 2375 1315 2378 .
1345 2367 1350 2378 .

158 2463 161 2472 ι
185 2511 188 2520 ¹
213 2441 286 2486 seca
306 2421 342 2487 in
362 2420 497 2486 diversis
520 2422 704 2508 regionibus
726 2411 807 2486 sors.
863 2422 952 2486 Nam
973 2421 1006 2486 in
1027 2420 1164 2486 Oriente
1183 2442 1202 2483 a
1220 2421 1287 2484 Pa-

211 2523 317 2591 tribus
346 2525 423 2591 satis
453 2527 562 2592 multis
591 2541 622 2592 et
648 2525 837 2614 praeclaris,
872 2537 910 2591 ut
937 2523 1121 2612 Gregoriis,
1156 2525 1284 2612 Cyrillo

128 2634 131 2645 ¹
178 2631 514 2719 ·Hierosclymitano
535 2629 615 2698 liber
637 2655 655 2698 e
678 2632 907 2697 canonicarum
927 2631 1161 2718 scripturarum
1183 2636 1283 2698 volu·
1370 2682 1401 2731 g

210 2736 302 2802 ruine
323 2739 435 2805 omitti
464 2733 588 2826 co‘epitt
623 2737 660 2804 in
687 2735 866 2804 Occidente
893 2757 974 2800 vero
1003 2735 1122 2808 librum
1152 2734 1280 2822 saepius

208 2844 319 2930 magni
341 2845 544 2910 aestimatum
563 2841 661 2908 fuisse
688 2853 824 2908 testatur
850 2841 1141 2930 Hieronymus
1168 2859 1219 2924 ep.
1239 2835 1293 2912 ad,

199 2943 404 3058 'Dardanum
432 2961 465 3015 et
491 2949 528 3014 in
555 2951 643 3016 catal.
673 2941 786 3036 script.
812 2949 888 3058 eccl.
912 2969 992 3046 sav.
1020 2945 1160 3062 loannes
1181 2943 1280 3030 Apo-

163 3101 168 3106 ·
245 3137 278 3208 1)
295 3140 448 3210 plurimum
465 3135 587 3192 Esnebic
604 3135 749 3190 detrahere
766 3135 858 3189 studet
872 3133 979 3190 Storr
997 3131 1117 3203 apolog.
1134 3139 1279 3202 piosqq.

277 3231 398 3300 aliique,
414 3247 479 3286 eum
496 3227 615 3281 solum
631 3227 859 3293 Dionysium
876 3223 922 3278 rel
938 3221 1080 3292 Alcgos
1104 3222 1290 3278 adversarios.

275 3323 447 3377 intellexisse
471 3329 608 3388 putantes.
652 3313 708 3372 ses
731 3315 842 3370 rideant
858 3333 894 3371 an
909 3332 969 3370 non
986 3315 1080 3371 studio
1096 3319 1222 3386 iniquius
1239 3313 1275 3368 da

213 3438 216 3448 ·
276 3409 399 3464 Eusebio
415 3411 549 3488 judicent·
1136 3403 1140 3416 '
1180 3453 1185 3458 .

240 3510 271 3578 2)
293 3509 371 3564 Petri
394 3511 510 3563 alteram
534 3489 683 3578 epistolam
708 3508 797 3560 senus
827 3502 862 3558 ab
887 3511 1027 3572 anonymo
1055 3508 1186 3574 scriptam
1210 3519 1273 3559 esse

273 3603 366 3664 multa*
379 3599 496 3669 probant
513 3609 675 3669 arguments
693 3602 872 3666 gravissimas
893 3595 993 3652 Jacobi
1010 3608 1039 3652 et
1054 3596 1142 3652 ludas
1166 3600 1273 3664 episto-

273 3691 317 3744 lae
334 3703 400 3746 sunt
416 3691 529 3760 quidem
548 3693 703 3760 genuinae,
721 3687 770 3742 sed
783 3701 841 3741 nou
857 3685 892 3740 ab
909 3683 1053 3754 Apostolis
1067 3692 1204 3755 scriptae3
1219 3686 1272 3739 Jo-

272 3782 374 3836 hannis
400 3784 535 3851 epistolae
559 3781 630 3834 duae
656 3784 825 3852 posteriores
851 3757 998 3846 propterea
1015 3787 1122 3832 tantum
1138 3795 1156 3830 a
1172 3777 1271 3828 multis

138 3907 142 3935 .
200 3891 204 3894 ·
272 3850 392 3928 omissae
407 3885 500 3928 erant
522 3876 590 3947 qula
617 3875 730 3940 privatis
758 3867 919 3924 hominibus
949 3873 1067 3943 scriptae
1092 3873 1142 3922 vix
1168 3867 1271 3948 dignae

256 3964 443 4034 ‘videbantur'
457 3981 528 4034 quae
545 3968 584 4032 'iu
610 3979 757 4018 numerum
782 3977 922 4036 sacrarum
947 3959 1127 4018 referrentur.
1179 3961 1270 4026 igitur

270 4053 376 4124 ubique
401 4071 510 4110 causa
530 4057 609 4116 cerui
631 4063 724 4120 potest
749 4049 788 4118 sat
805 4055 912 4120 gravis,
935 4068 991 4120 qua
1006 4048 1148 4127 Eusebius
1164 4053 1268 4118 scripta

267 4142 338 4200 haec
356 4149 427 4200 inter
444 4149 647 4216 autilegctneua
664 4143 790 4198 referret·
909 4221 913 4232 1
