2802 4684
252 317 326 385 212
378 289 423 370 n.
445 295 623 392 effusores.
660 297 721 368 nr.
739 310 775 383 2.
811 293 853 368 A.
873 319 902 366 a.
914 291 960 407 '12
973 297 1061 394 cap
1084 310 1144 388 ru,
1169 311 1205 380 2·
1230 287 1253 405 ἰ

146 567 150 574 ,
256 508 327 550 esse
348 481 520 563 contendat
536 482 583 563 ¹),
608 481 643 544 is
663 480 793 568 quidem
815 481 899 544 vatis
918 493 1060 549 mentem
1081 480 1344 581 scriptionisque

173 573 177 594 '
258 575 359 635 totius
381 569 528 632 indolem
546 568 634 630 haud
654 569 734 632 bene
749 571 846 645 ,omni
868 590 911 632 en
932 580 1022 654 parte
1044 589 1257 654 perspexisse
1289 590 1344 630 vr-

258 657 360 722 deiur.
417 653 498 728 Nam
514 655 588 722 ,hoc
610 654 739 716 demum
759 653 840 733 loco
853 655 965 716 hostes
986 651 1126 716 Moesiae
1147 654 1344 738 apparituro

259 746 370 824 (0.14,
393 737 477 824 1-5.)
501 741 647 826 oppositi
669 742 749 802 bene
770 737 1009 816 describuntur,
1030 741 1175 824 soletque
1199 740 1343 802 omnino

260 841 351 893 vates
381 827 550 910 paullatim
575 824 706 887 demum
730 825 838 888 omnia
858 825 1055 888 enucleatius
1077 823 1263 893 describere
1289 827 1346 888 in-

261 926 407 998 sertaque
425 913 528 976 muita
549 909 710 972 vindictae
732 931 939 996 progressum
960 912 1100 974 celerem,
1115 911 1269 996 paullum
1290 912 1347 972 in·

261 999 408 1064 bibentia
430 997 525 1060 haud-
538 995 663 1074 vereri3
695 998 762 1058 imo
785 997 821 1058 in
844 997 908 1059 hoc
927 997 1011 1058 mira
1032 997 1171 1058 cernitur
1192 995 1346 1079 fingendi

263 1101 330 1162 ars,
363 1083 449 1168 quod
477 1081 637 1168 episodiis
671 1082 783 1146 multis
811 1093 886 1167 apto
917 1081 990 1144 loco
1013 1083 1142 1144 insertis
1162 1102 1346 1164 argumen7
1385 1135 1387 1170 ,

263 1183 333 1234 ium
353 1169 454 1232 totius
476 1168 552 1228 libri
572 1177 660 1247 graie
682 1166 880 1252 protrahitur
901 1178 933 1228 et
954 1169 1178 1252 amplificatur.
1237 1167 1347 1230 Simi-
1386 1177 1387 1186 ¹

264 1259 401 1340 literque
427 1274 563 1351 prorsus
593 1247 679 1315 infra
707 1274 781 1314 curn
807 1263 883 1336 post
903 1249 1021 1314 Urbem
1047 1273 1191 1330 eversam
1214 1260 1271 1330 16,
1293 1263 1345 1324 21.
1386 1271 1387 1338 3

180 1359 183 1366 ’
264 1341 400 1404 Messias
422 1360 489 1432 qam
509 1335 669 1400 tarrderni
696 1358 729 1399 se
753 1339 789 1400 in
810 1351 894 1400 terra
914 1347 1098 1422 comparere
1120 1347 1233 1424 queat,
1251 1340 1346 1400 inse·
1386 1359 1387 1370 ¹

242 1437 380 1490 'runtur
407 1437 514 1486 tamen
544 1360 731 1508 capiteriuo
757 1423 877 1492 17.18.
905 1424 1072 1504 longiora,
1109 1425 1227 1569 quibus
1264 1446 1346 1510 quae

158 1565 174 1588 ,
266 1511 350 1574 Urbs
380 1511 477 1596 quive
506 1529 564 1570 rex
594 1508 730 1587 Messias
759 1508 910 1570 inimicus
936 1509 1107 1588 intelligen
1129 1529 1167 1580 us
1193 1511 1239 1572 sit
1263 1532 1346 1572 enu-

200 1622 202 1634 ’
244 1597 401 1674 ,εΙοῑιῐίυε
431 1605 624 1682 exponatur.
677 1593 781 1678 thue
804 1595 938 1656 omnino
957 1595 995 1658 in
1016 1595 1182 1666 visionum
1202 1598 1347 1659 nexibus
1386 1605 1387 1670 ᾖ

268 1705 338 1747 non
364 1679 522 1766 temporis
544 1678 600 1742 sed
622 1676 826 1764 argumenti
845 1681 954 1740 unitas
981 1680 1118 1764 spectari
1139 1691 1271 1764 potest,
1302 1682 1347 1742 sic

269 1787 349 1854 quae
379 1767 415 1828 in
441 1761 687 1850 Apocaiypseos
707 1764 873 1826 visionum
892 1771 980 1826 nexu
999 1769 1203 1841 inseruntur,
1234 1767 1347 1850 ipsum

269 1865 453 1938 temporum
474 1872 572 1936 aeque
593 1871 627 1912 ac
649 1850 829 1930 argumenti
847 1868 1052 1935 progressum
1071 1849 1110 1910 ad
1127 1861 1259 1936 ternpus
1274 1864 1346 1913 ian-

226 1949 228 1958 '
269 1951 340 2000 tuni
362 1940 410 1998 ita
431 1935 632 2022 suspendunt
655 1947 688 1998 et
706 1946 889 2010 moraniur,
917 1943 952 1996 ut
974 1949 1087 2020 postea
1110 1945 1219 2000 iarneu
1241 1942 1346 1998 actio·

269 2045 347 2088 nem
364 2033 438 2108 apte
459 2007 631 2106 procedere
650 2019 796 2106 ipsisque
816 2020 949 2082 insertis
969 2022 1150 2084 visionibus
1168 2032 1201 2084 et
1216 2025 1345 2108 priores
1386 2069 1387 2102 3

271 2108 305 2173 et
322 2118 491 2196 sequentes
512 2105 720 2168 dilucidiores
742 2103 814 2167 fieri
835 2127 1020 2186 cognoscas.
1067 2102 1070 2110 ’
1386 2103 1387 2196 i

1386 2199 1387 2232 i

247 2285 258 2298 .
358 2257 388 2315 1.
413 2241 482 2329 Qui
501 2245 601 2325 igitur
615 2243 757 2328 primum
770 2242 966 2330 depingendi
980 2256 1069 2308 erant
1081 2242 1219 2308 Messiae
1234 2245 1346 2308 hostes
1386 2247 1387 2319 i

272 2339 445 2408 c.12.13,
467 2331 551 2393 varii
572 2330 598 2390 ii
619 2329 749 2414 quidem
770 2331 904 2410 cogitari
916 2341 1082 2416 poterant3
1103 2331 1159 2393 sed
1175 2331 1346 2407 curuMes-

274 2417 342 2478 siae
363 2419 420 2478 uni
436 2427 478 2478 et
497 2416 723 2502 potentissimo
746 2437 814 2477 non
836 2417 901 2478 tam
929 2437 1041 2479 omnes
1062 2418 1197 2478 omnino
1225 2419 1346 2503 impios

273 2500 497 2578 debellandos,
549 2519 642 2586 quam
683 2501 860 2585 impiorum
895 2499 1016 2586 capito
1054 2513 1180 2564 tanturn
1220 2504 1346 2583 singula
1385 2541 1386 2574 1

273 2607 398 2652 sumina
426 2596 458 2648 et
479 2585 704 2671 potentissima
726 2606 891 2671 opponere
907 2607 965 2671 par
990 2583 1169 2664 videretur,
1198 2587 1258 2649 hic
1281 2598 1345 2649 tres
1385 2585 1386 2654 i

273 2669 547 2736 tanturnMessiae
568 2671 694 2733 inimici
716 2669 890 2756 prodeunt,
915 2672 1093 2757 impiorum
1111 2682 1275 2760 quotquot
1296 2695 1346 2734 co·
1385 2657 1386 2705 ¹

238 2831 248 2845 ἱ
274 2759 372 2842 gitari
393 2769 534 2843 possunt·
550 2767 694 2819 auctores
716 2767 749 2817 et
772 2776 917 2818 suasores
938 2757 1103 2835 acerrimi,
1127 2769 1162 2820 ut
1177 2762 1267 2820 sicut
1280 2780 1345 2820 onr-

274 2847 367 2908 nium
388 2845 518 2928 piorum
538 2841 674 2906 Messias
697 2842 786 2903 solus
806 2851 856 2904 est
876 2851 984 2904 auctor
1006 2839 1172 2930 fautorque
1193 2865 1345 2918 summus,

274 2931 322 2990 ita
349 2929 402 2991 iili
428 2939 494 2990 tres
522 2929 619 3013 impii
640 2921 784 3026 cujusvis
804 2923 880 2990 fons
902 2939 934 2989 et
955 2929 1154 3016 praesidium
1176 2950 1195 2991 a
1217 2932 1345 3012 nemine
1384 2939 1385 2968 ³

123 3082 125 3092 ,
224 3081 226 3085 ,
275 3013 342 3086 nisi
363 3015 401 3076 ab
421 3013 493 3100 ipso
509 3011 628 3077 Massia
649 3013 802 3076 debellari
815 3013 1053 3102 exstirparique
1069 3026 1196 3102 queant.
1230 3013 1345 3102 Aptis-

313 3181 349 3251 1>
373 3181 464 3252 Supra
478 3184 540 3254 jam
558 3200 585 3250 p·
601 3181 638 3244 32'
655 3199 695 3252 sq.
713 3187 812 3248 innui,
836 3183 871 3237 de
888 3182 997 3237 Bleekii
1014 3199 1042 3252 p.
1056 3187 1345 3252 278-296.0pinioue
1375 3223 1377 3230 ,

348 3263 501 3315 c.12-22.
526 3261 614 3308 sarius
643 3255 716 3308 male
741 3255 845 3322 adjecta
869 3271 999 3308 sereneo
1017 3271 1081 3307 cum
1100 3261 1229 3315 oli-11.
1249 3257 1345 3308 cohae-

240 3347 243 3352 ·
347 3341 409 3378 rere
437 3331 581 3380 statuentis
599 3325 670 3378 mihi
690 3326 765 3378 haurd
784 3342 846 3380 esse
860 3343 1032 3394 persuasum.
1072 3323 1260 3380 Difficultates
1278 3334 1344 3380 enim
1383 3357 1384 3364 .

259 3387 266 3401 '
347 3408 459 3463 motae,
482 3396 519 3450 ob
543 3413 610 3466 quas
635 3397 800 3465 hypothesis
818 3395 859 3448 ibi
876 3415 904 3465 p.
921 3402 983 3458 182.
1002 3401 1136 3457 296.,tam
1153 3401 1225 3450 mira
1245 3415 1345 3466 propo·
1383 3391 1384 3477 i

347 3471 438 3532 nitur,
465 3473 585 3538 penitius
604 3472 744 3536 inspectae
761 3469 853 3521 nullae
871 3479 944 3520 sunt.
987 3469 1056 3521 Nam
1075 3467 1106 3534 1>
1123 3485 1154 3520 ea
1171 3485 1244 3535 quae
1264 3479 1344 3529 c.11.

348 3543 392 3598 13.
418 3551 562 3611 narrentur
587 3549 712 3606 ternpore
735 3541 790 3606 jam
808 3544 896 3606 priori
914 3543 991 3607 gesta
1011 3539 1156 3608 cogitanda
1175 3555 1236 3594 csse
1253 3557 1344 3592 veron

348 3619 405 3669 θοις
429 3609 477 3660 sed
504 3615 615 3662 insertis
635 3609 685 3662 'his
708 3615 848 3662 visionum
866 3617 1054 3678 temporisque
1071 3627 1254 3678 progressum
1272 3614 1345 3679 pairi-

347 3678 409 3730 lum
432 3679 569 3744 inhiberi,
604 3697 662 3734 nou
686 3695 801 3748 prorsus
829 3682 899 3733 tolli.
915 3693 1044 3748 apparet3
1078 3675 1258 3750 rationesque
1284 3689 1344 3734 satis
1382 3745 1383 3754 ἵ

286 3754 289 3759 ’
347 3751 452 3804 multae
477 3749 678 3816 obviassent,
712 3769 782 3819 quae
806 3764 897 3804 uatem
923 3764 955 3804 ut
981 3753 1050 3805 haec
1067 3751 1115 3804 hio
1133 3764 1195 3820 apte
1214 3759 1345 3806 insereret
1382 3757 1383 3822 i

348 3819 528 3876 induxerunt.
574 3824 604 3886 2)
622 3823 683 3874 Vae
709 3827 822 3876 tertium
841 3839 890 3876 cur
907 3840 965 3876 nou
984 3827 1076 3877 stafim
1095 3835 1159 3892 poet
1176 3833 1221 3889 11,
1238 3832 1283 3886 11.
1306 3841 1345 3876 se·
1382 3845 1383 3863 i

287 3924 289 3932 π
347 3902 463 3960 quatur,
500 3909 583 3960 supra
607 3893 662 3960 jam
687 3894 839 3955 indicaturo
865 3906 915 3948 est.
959 3897 989 3960 3)
1012 3912 1036 3947 c.
1053 3899 1141 3954 l1-11.
1161 3891 1215 3946 sub
1232 3897 1345 3959 Nerone,

348 3971 485 4024 c.12-22.
503 3965 554 4017 sub
573 3965 744 4032 Vespasiano
768 3970 869 4034 scripta
887 3973 955 4034 [esse
974 3965 1080 4018 frustra
1099 3970 1236 4031 sumitur,
1262 3985 1289 4025 a.
1306 3972 1344 4018 iu-

345 4032 388 4086 fra
405 4035 437 4088 ad
453 4043 496 4100 17,
514 4043 617 4095 10.11.
653 4035 800 4090 Reiutatur
817 4040 933 4092 omniuo
950 4041 1046 4108 opinio
1064 4037 1187 4106 haecex
1204 4037 1268 4093 solo
1285 4039 1343 4090 loco
1381 4071 1382 4078 .

345 4113 389 4173 11,
407 4112 439 4166 vc'
458 4108 503 4162 cll·
521 4123 546 4160 ce
565 4111 609 4168 130
626 4111 671 4168 170
718 4169 724 4184 r
1060 4124 1065 4134 ¹
1381 4129 1382 4134 ¹
