2802 4684
169 359 171 362 ,
248 301 323 386 190
412 243 757 398 11.vtsiu1'es'.41¹1‘.
783 251 818 369 3.
865 232 1178 386 eamne.
1254 288 1257 298 ’

135 511 150 557 -Ᾱ
185 491 193 502 ’
242 476 327 540 dicta
356 475 472 547 ultima
501 487 535 541 et
569 473 758 538 saevissime
786 469 907 554 figlini,
938 467 1051 554 fragon
1073 471 1138 558 iste
1158 470 1323 554 significat

182 559 185 572 '
242 583 337 650 quum
367 561 484 624 minae
512 559 703 625 horrendas
755 579 969 645 cenarumque
995 559 1160 645 praesarria
1186 555 1325 624 infanda

165 650 168 656 '
239 667 374 733 prorsus
394 659 427 710 et
447 649 587 712 burnana
607 647 719 728 lingua
766 645 826 715 aud
847 641 1081 731 concipienda?
1107 605 1195 708 ilaec
1215 646 1323 726 igitur

244 733 320 818 quia
346 733 519 798 hominum
549 744 677 818 captum
699 729 879 806 excedunt,
915 741 953 792 ut
979 751 1074 792 nemo
1097 751 1134 792 ea
1154 731 1322 794 sustinere

176 827 178 838 '
241 829 352 904 queat,
382 829 472 881 vates
502 819 635 886 silentio
662 837 809 904 premere
829 836 888 878 nec
910 815 1030 900 scripto
1051 805 1201 878 inundare
1220 809 1332 910 jube-.

239 915 303 966 tur.
359 901 419 966 Cui
434 903 584 985 imagini
611 902 700 964 dirae
722 903 831 966 nescio
854 923 895 964 an
919 901 1006 964 ullus
1026 903 1205 987 reperiatur
1225 906 1322 966 locus

153 1010 155 1020 ¹
235 988 362 1052 cimilia
388 1002 565 1076 nostroque
585 988 665 1053 huic
683 985 887 1055 dilucidando
909 987 1091 1050 inserviens
1106 999 1239 1072 practer
1259 989 1320 1050 lo-

239 1097 312 1138 cum
332 1075 369 1140 in
390 1073 503 1138 Herm.
523 1074 610 1137 Past.
634 1087 662 1150 1,
685 1085 715 1150 1,
735 1084 768 1145 3.
793 1073 830 1135 in
850 1070 974 1136 Fabric.
997 1071 1067 1142 cod.
1088 1093 1193 1157 apocr.
1215 1071 1256 1136 N.
1272 1072 1317 1135 T.

83 1179 86 1190 ·
146 1186 150 1206 ¹
237 1159 274 1223 I'.
287 1171 319 1232 3.
340 1182 374 1246 p.
387 1168 462 1236 779.
481 1172 535 1232 00.
564 1179 744 1246 quanquam
770 1158 800 1220 is
823 1159 924 1222 nimie
949 1157 1071 1220 dilutus
1096 1170 1129 1220 et
1156 1158 1317 1222 verbosus

136 1305 141 1314 .
219 1240 398 1342 majestati
418 1243 492 1309 loci
506 1245 668 1308 Johannei
688 1244 834 1308 concisae
848 1239 1096 1306 multum'cedit.
1111 1277 1155 1295 -··
1183 1241 1319 1307 Clamor
1342 1260 1345 1272 ·

236 1333 346 1413 angeli
373 1331 483 1395 leonis
512 1327 676 1416 rugitum
704 1326 804 1407 refert
837 1327 1035 1416 (μυκᾷσθαι
1063 1330 1233 1416 proprium
1264 1342 1317 1393 est

38 1413 40 1420 ⁴
151 1429 166 1460 z
235 1419 335 1480 boum
354 1416 585 1505 mugientium,
613 1415 809 1504 βρυχᾶσθαι
827 1416 977 1490 leonum3
1012 1425 1183 1501 utrumque
1203 1429 1317 1480 iernen

236 1503 323 1566 haud
348 1519 428 1566 raro·
451 1498 606 1566 confundi
631 1505 791 1581 constat).
812 1503 848 1580 oi
867 1493 955 1566 tucci
978 1501 1122 1586 ssoouuui
1141 1501 1226 1563 haud
1245 1523 1316 1587 pu-

234 1590 458 1664 temomnino
480 1599 604 1650 tantum
625 1583 786 1649 tonitrua
807 1596 920 1650 notare
940 1581 1176 1670 multiplicia:
1190 1609 1315 1674 ,neque

104 1676 108 1686 ’
179 1721 183 1731 .
236 1675 326 1739 enirn
350 1675 504 1738 articulus
525 1667 642 1752 frustra
667 1690 808 1756 prorsus·
822 1672 950 1757 positus
972 1664 1049 1750 esti*
1073 1669 1130 1734 sed
1149 1671 1314 1735 tonitrua

233 1756 353 1821 omnio
378 1769 509 1847 reptem
535 1754 706 1821 coelorum
725 1757 821 1820 innui
844 1756 1013 1835 videnlur,
1044 1767 1088 1818 ut.
1103 1766 1211 1820 toturn
1231 1777 1314 1820 coe·

232 1845 302 1907 lum
323 1837 451 1926 fragore
471 1842 617 1908 inaudito
641 1853 674 1905 et
688 1838 823 1914 infando
843 1843 1056 1906 conclamasse
1072 1842 1249 1926 putendum
1268 1845 1313 1906 sit

229 1927 374 2020 (septem
389 1931 491 2007 ,enim
520 1928 629 1992 coelos
656 1925 795 1992 ludaeos
815 1929 954 1991 seriores
973 1950 1016 1992 ex
1036 1927 1155 2014 plurali
1175 1929 1232 2016 qui
1253 1929 1326 2008 vis

157 2023 164 2046 “
233 2029 364 2109 debatur
390 2025 508 2124 totto—ty
531 2027 574 2094 cf.
595 2053 643 2113 gr.
665 2031 756 2109 hebr.
777 2053 810 2120 p.
825 2017 901 2103 3i8.
922 2041 956 2095 et
974 2053 1108 2096 numero
1124 2022 1312 2118 septenario

208 2137 321 2194 ,sacro
363 2117 531 2183 derivasse
559 2111 674 2180 notum
709 2127 779 2196 est,
825 2112 867 2179 cf.
895 2112 1032 2180 Ascens.
1066 2117 1131 2180 Jas.
1165 2141 1192 2180 c.
1213 2127 1246 2190 7.
1277 2132 1310 2190 8.

113 2209 115 2217 '
230 2199 355 2266 Fabric.
373 2227 402 2268 c.
422 2227 473 2292 ps.
495 2203 541 2266 V.
560 2199 606 2264 Τ.
627 2225 661 2288 p.
681 2207 756 2274 546.
818 2201 1024 2284 Eisemneng.
1044 2201 1199 2267 ludaism.
1222 2204 1264 2266 Τ.
1281 2204 1309 2270 l.

87 2355 89 2364 .
177 2312 181 2323 ·
229 2291 375 2374 peteo.)
427 2289 536 2377 Quem
562 2291 743 2354 tonitruum
769 2289 917 2352 omnium
937 2299 1128 2356 concentum
1154 2289 1311 2372 distincta

199 2367 202 2376 ’
252 2374 401 2454 uaedam,
430 2375 620 2464 quanquam
633 2375 810 2437 humanum
841 2373 1027 2440 excedentia
1047 2387 1190 2462 captum,
1233 2377 1310 2438 cdi-

231 2395 318 2522 disse
360 2463 440 2526 satis
482 2461 575 2524 docet
616 2459 752 2546 sequens
781 2448 946 2544 ἐλάλησαν
977 2472 1011 2524 et
1047 2463 1190 2547 ἔμελλον
1219 2454 1308 2549 γρά-

101 2576 105 2590 .
203 2578 213 2630 .'
232 2567 309 2630 pecu
340 2542 388 2634 ²).
457 2544 617 2624 Coclearia
650 2543 765 2626 angeli
797 2537 960 2640 cujusdam
988 2547 1111 2610 'summi
1148 2568 1217 2610 vox
1244 2569 1307 2611 va-

108 2699 111 2715 ,
228 2633 306 2692 tem
336 2653 378 2696 ne
420 2631 526 2695 audita
591 2632 753 2693 erscriliat³
782 2629 991 2694 dehortatum
1039 2633 1118 2696 dicit
1160 2625 1306 2720 σφράγι-

225 2739 288 2783 nov
316 2711 480 2804 obsigna,
508 2653 595 2804 quod
618 2717 678 2798 llic
701 2737 770 2780 non
795 2718 930 2804 proprio
965 2737 1061 2780 sensu
1087 2717 1211 2805 dictum
1233 2739 1306 2784 esse

230 2821 291 2884 per
317 2821 352 2863 se
373 2813 480 2888 patet3
507 2813 615 2866 notat:
642 2804 862 2881 alienantem,
891 2802 1086 2882 clandestina
1111 2825 1222 2880 serva,
1261 2813 1304 2868 he

228 2885 364 2966 legenda
383 2888 488 2950 tradas
511 2883 566 2976 (cf.
578 2889 618 2951 ad
632 2900 663 2966 5,
680 2899 709 2960 1.
730 2899 764 2952 et
776 2883 863 2951 infra
883 2897 936 2966 22,
957 2899 1010 2959 10.
1032 2891 1117 2970 not.)
1137 2923 1181 2936 -
1209 2889 1256 2952 V.
1270 2901 1303 2962 5.

228 2969 274 3032 Ut
297 2981 407 3047 tamen
435 2973 512 3059 quid
541 2974 777 3055 significaturus
798 2985 865 3037 tam
886 2973 979 3036 dirue
996 2983 1029 3036 et
1048 2975 1155 3054 angeli
1180 2976 1304 3038 clamor

98 3091 101 3105 ι
197 3115 199 3139 ,
230 3067 268 3119 et.
286 3059 370 3122 coeli
390 3063 492 3143 totius
512 3053 620 3142 fragor
641 3071 732 3122 ortus
753 3061 797 3122 eit
820 3059 993 3122 dilucidius
1015 3059 1213 3145 explicetur,
1240 3083 1303 3126 an-

141 3196 143 3205 .
227 3143 320 3224 gelus
350 3143 414 3206 ille
431 3139 618 3240 juramento
646 3166 740 3232 quam
767 3146 840 3208 fieri
868 3156 977 3230 potest
997 3147 1202 3208 sanctissimo
1221 3149 1303 3211 vin-

195 3232 203 3260 ‘
228 3228 332 3292 dictae
359 3229 495 3292 ultimae
521 3241 648 3315 tempus
675 3224 808 3327 jamjam
835 3229 957 3310 instare
976 3227 1123 3294 affirmat.
1176 3226 1302 3315 Angeli

115 3325 122 3344 ‘
180 3375 182 3378 ,
228 3307 327 3406 hujus
356 3309 493 3412 jurantis
520 3317 627 3397 imago
656 3315 758 3379 ducta·
776 3329 829 3380 est
851 3318 894 3378 ex
924 3315 1008 3389 Dan.
1027 3327 1077 3395 12,
1097 3326 1138 3397 73
1166 3339 1302 3383 manum

228 3398 376 3464 dextram
407 3403 532 3464 coelum
562 3422 675 3464 versus
709 3401 815 3468 tendit
839 3401 933 3465 deum
954 3411 1068 3464 testem
1089 3404 1300 3468 invocaturus

63 3529 66 3540 .
156 3517 162 3525 ·
228 3479 270 3546 cs.
292 3480 374 3548 Gen.
398 3491 455 3564 14,
476 3497 530 3562 22.
558 3485 615 3550 Ez.
637 3497 690 3574 20,
709 3491 798 3558 66.
860 3484 966 3571 Quod·
984 3480 1206 3586 jusjurandum
1227 3513 1299 3576 quo

129 3621 133 3642 ,
228 3571 377 3633 sanctius⁴
389 3591 460 3634 esse
482 3573 697 3653 significetur,
718 3573 858 3656 angelus'
869 3575 1038 3636 verbosius
1054 3572 1149 3638 deum
1166 3577 1300 3638 invocat

227 3667 344 3720 testem
362 3657 625 3743 potentissimum
645 3679 678 3734 v,
701 3665 732 3730 6.
780 3652 931 3722 Affirmat
953 3659 1008 3720 hic
1029 3653 1081 3724 doc
1101 3651 1220 3750 χρόνος
1238 3658 1300 3738 οὐκ

207 3743 321 3830 ,ἔσται
350 3745 401 3808 ἔτι
430 3749 564 3828 tempus
593 3765 661 3806 nou
688 3739 945 3828 ampliuoxfore
975 3745 1000 3805 i.
1013 3753 1048 3806 e.
1070 3763 1145 3826 non
1173 3745 1299 3810 diutius

228 3837 298 3890 r'em
318 3825 406 3890 trahi
427 3839 460 3890 et
479 3825 805 3913 tardari,¹extemplo
825 3849 862 3892 ea
883 3847 962 3915 quae
982 3841 1157 3917 sequuntur
1177 3826 1312 3912 factum

226 3912 298 3990 irip
321 3933 402 4002 mox
429 3934 501 3976 cum
527 3915 602 3977 tuba
629 3913 941 3977 ultimavindictam
968 3914 1087 3978 instare
1107 3927 1296 3980 extremam.

207 4073 210 4091 ¹
261 4051 293 4120 1)
314 4054 395 4106 aliter
419 4053 489 4109 haec
512 4073 527 4109 e
545 4031 677 4108 Rabblnis
695 4054 815 4120 explicat
832 4035 949 4108 Corrodi
966 4037 1069 4108 Gecch·
1085 4036 1295 4118 decennium.

293 4131 321 4184 2·
339 4128 446 4193 p.261‚
468 4127 517 4182 scd
533 4138 666 4196 quantum
683 4124 764 4180 video
782 4129 921 4180 nonsatis
939 4137 1000 4180 tuto
1017 4138 1144 4194 apteque.
