2848 4682
33 333 37 350 ·
132 324 134 330 v
229 300 282 380 62
382 281 612 371 Desauc'tore¹
643 297 727 370 libri
751 257 1154 407 losfimodo'voterm

313 487 348 566 1)
368 465 500 566 'C‘ajus
519 465 697 568 preslryter
720 481 887 546 Romanus
910 481 955 559 (c.
972 459 1058 558 202.)
1079 478 1115 543 in
1143 477 1304 564 colloquio

226 601 303 653 cum
318 587 530 674 Montanistis
547 581 726 673 eorumque
739 586 1019 679 'principeProclo
1034 584 1191 650 ¹instituto
1205 587 1304 672 Apo..

227 696 375 781 calypsin
400 695 438 774 ¹)
469 715 487 757 a
520 691 678 756 Cerintho
706 689 766 754 sub
800 691 956 756 Johannis
986 691 1136 777 Apostoli
1168 692 1303 755 nomine

226 801 377 866 emissam
396 789 472 866 esse'
486 795 633 882 profiteri
655 795 878 867 nondubitat.
928 794 991 860 Sed
1011 793 1185 858 dolendum
1213 793 1301 879 quod

224 895 304 968 Eus.
327 904 360 986 h.
378 923 406 965 e.
427 911 458 980 3,
479 912 532 974 28.
553 901 776 993 fragmentum
799 913 927 966 tantum
950 901 1105 988 exigupm
1120 898 1216 984 hujus
1231 901 1300 966 col·

147 1015 160 1050 ²'
223 995 323 1095 lo'quii
345 1011 399 1074 vel
416 995 593 1072 ¹sententiae
610 1005 678 1089 Caji
692 999 889 1095 asservavit,
910 1020 946 1069 ut
959 1003 1093 1096 prorsus
1109 1003 1300 1098 nesciamus,

223 1109 340 1202 quibus
371 1107 502 1178 tandem
527 1097 726 1197 argumentis
754 1110 786 1176 id
817 1112 945 1200 publice
971 1108 1120 1198 profiteri
1146 1110 1299 1196 potuerit.

159 1253 161 1258 v
222 1221 307 1304 Cum
329 1218 548 1285 Montanistae
568 1213 749 1281 visionibus
771 1217 892 1289 suiset
912 1215 1118 1306 opinionibus
1144 1211 1298 1311 chiliasti-

222 1325 266 1390 eis
288 1318 501 1413 praecipuum
524 1321 723 1408 praesidium
745 1343 788 1386 ex
807 1305 1010 1409 Apocalypsi
1030 1331 1200 1407 peterent,
1220 1335 1297 1409 pot·

94 1451 107 1460 ·
146 1465 164 1482 υ
220 1443 290 1526 erat
319 1451 396 1494 sane
423 1425 625 1492 adversarius
653 1419 770 1490 eoru'm
797 1428 898 1494 nimio
919 1417 1140 1514 Apocalypsis
1160 1423 1235 1489 odio
1261 1446 1296 1490 se

123 1557 126 1568 ’
192 1535 195 1542 ’
220 1541 335 1602 avere
353 1531 466 1599 ¹seduci
486 1529 571 1619 pati3
596 1541 629 1594 et
650 1532 677 1595 si
690 1531 887 1624 Corinthum
908 1544 1074 1596 auctorem
1094 1528 1187 1612 lacit,
1208 1529 1295 1594 haud

167 1675 170 1690 «
220 1640 317 1705 dubie
339 1631 471 1702 ‘lamam'
496 1635 703 1710 tarrtum'xillo
726 1633 875 1723 tempore
892 1658 914 1702 a
935 1635 1126 1723 quibusdam
1148 1654 1292 1724 sparsam

217 1743 372 1830 sequitur.
414 1737 478 1805 Sed
495 1741 608 1807 mirari
627 1751 739 1806 tamen
760 1739 832 1826 quis
852 1737 970 1826 possit,
999 1739 1162 1826 quomodo
1185 1741 1293 1825 Cajus,

215 1853 244 1920 si
271 1853 385 1916 omnes
412 1860 484 1923 tum
505 1849 631 1922 Romae
652 1843 880 1939 Apocalypsin
908 1843 1070 1931 Apostolo
1096 1846 1293 1930 tribuebant,

213 1955 368 2020 nemine·
383 1953 584 2038 obloquente,
612 1950 804 2028 sententiam
832 1945 1090 2037 hancproliteri
1120 1935 1292 2038 potuerit?

213 2059 375 2146 Equidem
395 2079 458 2146 pro
480 2069 595 2122 neutra
616 2067 709 2145 parte
722 2055 839 2142 Cajum
855 2048 994 2120 militare
1011 2077 1107 2146 posse
1119 2068 1231 2146 putem
1244 2049 1289 2141 ²).‘

295 2233 330 2310 2)
354 2227 439 2292 Cum
462 2223 570 2304 seculo
591 2225 686 2292 tertio
708 2225 876 2313 allegerica
895 2224 1116 2314 interpretatio
1137 2225 1291 2292 Alexan-

211 2332 300 2398 driae
320 2313 433 2418 vigens
449 2327 675 2416 Apocalypsin
696 2351 790 2416 spem
811 2331 1017 2398 chiliasticam'
1038 2332 1212 2397 continere·
1226 2345 1289 2396 rte·

211 2453 317 2526 garet,
336 2440 475 2524 Nepos
497 2434 644 2520 Aegypti
665 2436 836 2522 episcopus
852 2436 1078 2524 Apocalypsin
1095 2459 1192 2502 sensu
1206 2449 1287 2500 ver·-

126 2623 136 2634 ·
211 2535 331 2606 borum
353 2539 491 2628 simplici
513 2562 585 2604 eam
604 2541 689 2621 tueri
706 2541 778 2606 veri
790 2561 900 2606 amans
917 2541 1174 2624 demonstravit3¹
1193 2542 1285 2625 cujus

162 2673 166 2679 ⁸
211 2647 400 2734 opinionem
430 2656 600 2732 sequentes
632 2666 708 2710 cum
736 2627 773 2711 in
800 2647 970 2734 provincia
999 2647 1142 2714 Arsinoe
1174 2641 1286 2734 plures

210 2753 345 2818 somniis
367 2752 545 2818 chiliasticis
565 2748 793 2830 turbarentur,
819 2749 1051 2839 Dionysius
1081 2751 1285 2819 Alexandri-

99 2885 104 2890 ’
195 2845 273 2924 ¹nus
295 2879 461 2924 successor
481 2857 620 2943 Nepotis
642 2859 687 2934 (ἃ.
701 2859 894 2936 ι247τ964.)
916 2857 966 2922 his
989 2858 1110 2924 librum
1130 2856 1283 2944 opposuit

52 2973 57 2980 '
210 2961 399 3028 eruditionis
421 2973 454 3028 et
473 2961 647 3026 modestiae
667 2960 801 3048 insignis
827 2973 958 3045 testem,
984 2962 1020 3027 in
1044 2983 1108 3048 quo
1130 2973 1282 3028 ettotam

144 3164 157 3220 ‘-
238 3151 281 3226 ι1)
303 3152 462 3211 lassantem
475 3149 534 3204 tua
559 3159 676 3203 vocatur
700 3146 787 3216 liber,
813 3153 954 3220 nunquia
973 3149 1054 3220 Cajus
1072 3151 1160 3204 alium
1175 3149 1280 3204 librum

277 3243 416 3310 intellexit
431 3233 477 3307 (ut
493 3243 583 3296 voluit
600 3241 766 3310 Hartwig
784 3241 819 3294 T·
828 3243 849 3295 t.
863 3219 896 3310 ¹p.
905 3250 940 3303 50
952 3259 1026 3314 sqq.;
1043 3259 1108 3298 nam
1125 3242 1199 3320 idem
1214 3243 1279 3309 pln-

177 3357 181 3368 =
258 3331 343 3386 *ralis
362 3333 467 3401 legitur
484 3333 551 3388 Eus·
570 3331 599 3384 h.
618 3349 643 3386 e·
660 3336 686 3395 7,
702 3330 782 3400 25),
808 3349 860 3386 uec
878 3337 943 3402 quia
961 3333 1077 3402 pluralis
1095 3325 1279 3398 majestatlcus

257 3434 319 3505 ¹est
343 3423 461 3506 (Storr
484 3423 607 3496 Apolog·
624 3439 654 3492 p.
668 3421 728 3491 72·)
753 3421 802 3477 sed
826 3429 893 3494 quta
910 3423 982 3478 liber
999 3441 1094 3478 revera
1113 3424 1207 3492 plures
1225 3425 1279 3476 vi-

277 3511 400 3570 siones
425 3520 555 3572 continet.
845 3585 848 3596 Ι
964 3585 966 3590 y
1165 3577 1169 3585 ,
1231 3591 1234 3594 ¹

241 3615 272 3682 2)
295 3631 358 3670 nasa
384 3626 412 3668 et
434 3611 574 3668 Semler
592 3609 698 3680 (theol.
715 3608 810 3665 Brtel’e
827 3609 940 3670 Samml.
955 3609 981 3677 2.
1000 3613 1029 3670 S.
1043 3619 1097 3677 182
1115 3630 1175 3684 sqq·
1203 3629 1276 3670 neue

277 3705 443 3760 Untersuch.
460 3698 529 3757 tiber
546 3701 688 3771 Apate-S·
703 3701 784 3770 21.)‚
811 3703 950 3758 Merkel
967 3703 1204 3772 (umsttindlichsr
1221 3705 1277 3758 lie-¹

113 3804 115 3812 '
206 3816 209 3820 ·
275 3801 346 3872 weis
364 3795 445 3860 5.,97
460 3793 541 3872 ειη.)
558 3795 662 3862 alitque
680 3782 763 3862 huius
780 3799 866 3862 pertis
883 3799 1003 3848 nimium
1020 3778 1079 3864 Csiji
1098 3797 1206 3866 ¹judicio
1223 3801 1277 3850 tri⁴

165 3922 169 3938 ,
210 3951 213 3956 Γ
273 3885 380 3954 buunt,
398 3886 561 3940 Corinthum
578 3885 649 3936 male
665 3882 850 3956 Apocalypsis
869 3898 1010 3946 auctorem
1027 3887 1176 3955 habentes,
1195 3899 1223 3942 et
1234 3885 1274 3944 ,ab

272 3965 358 4033 altera
383 3989 460 4047 parts
483 3975 589 4031 Storr
609 3973 732 4046 Apolog.
749 3993 777 4044 p.
789 3981 824 4044 61
843 3993 902 4045 sqq.
919 3979 1023 4046 aliique
1042 3983 1160 4032 nimium
1179 3982 1209 4034 ei
1224 3977 1275 4032 de-

1235 219 1241 240 '

1412 1982 1418 1993 ι

1308 2041 1314 2052 ¹

1417 2531 1418 2544 t

1312 3133 1314 3144 t

1327 3152 1329 3163 ι

1413 3339 1415 3360 l

271 4069 399 4136 trahunt,
431 4067 525 4136 Caium
555 4084 592 4121 ex
614 4065 770 4136 Alogorum
794 4079 868 4120 secta
891 4068 1073 4136 prodeuntem
1097 4072 1274 4140 evangelium
1312 4111 1316 4122 .
1412 4097 1413 4104 1

253 4149 382 4230 'quoque
399 4163 539 4230 respuisse
555 4169 660 4213 temere
683 4159 877 4226 coujtcteutss3
903 4164 961 4213 imo
978 4166 1004 4215 st
1020 4173 1117 4216 auctor
1134 4174 1176 4217 est
1194 4159 1272 4232 trag,
