2774 4688
255 253 332 330 324
465 215 757 318 HLOonclusioJ
800 246 839 316 C·
860 258 929 338 29,
958 261 1118 350 17719.

254 537 288 578 se
317 517 462 602 potentia
489 520 616 599 insigni
642 538 740 601 aeque
769 518 962 580 instructum
990 541 1024 580 ac
1052 540 1159 581 aurore
1186 523 1224 582 in
1246 541 1321 582 suos

190 609 196 634 ‘
227 591 235 606 ’
253 617 379 665 motum
391 603 493 681 gravi,
515 627 577 690 quo
600 605 716 666 certior
738 603 781 664 sit
800 603 898 677 fides,
916 625 974 688 per
996 606 1145 684 angelum
1161 607 1249 668 hune
1272 605 1320 690 (rs.

254 711 287 750 v.
306 685 351 772 6.)
380 691 523 752 eeclesiis
555 687 723 752 nunciasse
752 689 971 755 affirmantem.
998 714 1141 774 μαρτυρ.
1161 689 1319 776 affirma-

182 777 186 790 '
253 784 354 836 trariis
386 775 464 846 haee
491 771 587 837 nobis
615 775 650 836 in
682 771 835 836 ecelesiis
868 771 943 844 iltis
970 787 1094 858 septem
1122 790 1149 852 1,
1178 787 1232 846 11.
1266 769 1316 861 ayt

152 890 164 906 =
251 865 323 944 εἰμι
344 881 403 940 ego
425 881 496 922 sum
514 860 648 922 Messias
669 861 748 934 iste,
772 862 1017 944 potentissimus
1036 882 1133 947 oeque
1155 872 1189 922 et
1208 863 1313 946 splen-

220 935 436 1008 ”dirissimus
455 967 494 1008 uc
517 948 679 1030 propitius
702 947 786 1018 suis,
817 941 922 1006 radix
943 954 976 1006 et
992 943 1180 1030 progenies
1204 944 1318 1032 (γένος

247 1033 374 1118 proles,
404 1045 441 1093 ut
457 1052 570 1116 genus
592 1031 687 1110 Virg.
708 1025 793 1092 Aen.
815 1035 846 1104 4,
870 1033 935 1105 12.)
954 1022 996 1090 os.
1015 1039 1046 1106 5,
1067 1039 1108 1107 53
1139 1029 1235 1093 idem
1260 1054 1317 1115 ego

248 1115 351 1179 stello
381 1113 500 1180 lucida
530 1115 773 1200 matutinasque
800 1115 883 1176 laete
906 1113 1098 1200 splendens,
1130 1128 1164 1180 ut
1187 1115 1317 1182 Lucifer

247 1203 335 1264 sidus
361 1198 576 1264 ostiensium
596 1201 797 1285 laetumque,
830 1195 872 1262 ef.
894 1222 990 1284 supra
1011 1199 1050 1262 ad
1067 1211 1098 1278 2,
1118 1211 1171 1271 28.
1193 1225 1229 1287 p.
1247 1209 1315 1272 121.

183 1327 187 1338 ·
246 1299 279 1349 et
300 1287 381 1350 Dan.
405 1301 454 1362 12,
473 1298 506 1357 3.
528 1285 652 1348 Enoch·
671 1292 725 1362 43,
749 1297 780 1354 i·
800 1293 831 1353 3.
874 1284 1034 1354 ¹Ceterum
1056 1287 1232 1366 lectionem
1254 1285 1315 1352 dif-

150 1406 153 1414 =
244 1375 416 1436 ficiliorem
440 1369 458 1440 ὁ
481 1366 553 1437 uiue.
575 1366 594 1438 ὁ
617 1373 699 1456 λαμ.
721 1372 776 1436 καὶ
798 1363 955 1456 dederatis
975 1374 1086 1434 nescio
1107 1394 1150 1436 en
1171 1375 1258 1438 bene
1283 1378 1316 1438 in

244 1459 273 1524 λ.
297 1453 313 1523 ὁ
333 1451 477 1544 usuraria
497 1455 554 1520 Gr.
575 1460 717 1520 mutarit.
743 1487 786 1502 -
829 1456 874 1520 V.
895 1465 946 1528 17.
979 1457 1200 1544 Messiaeque,
1233 1460 1314 1546 quod

243 1565 338 1630 saepe
359 1558 392 1606 et
413 1547 485 1629 ipse
506 1555 538 1605 et
559 1545 667 1623 angeli
683 1541 864 1620 dedorunt,
893 1542 933 1604 de
949 1537 1088 1608 adventu
1112 1545 1215 1606 celeri
1238 1569 1313 1630 pro-

241 1631 374 1692 missum
399 1643 435 1692 ut
460 1641 565 1692 ratum
593 1631 650 1691 fiat
675 1638 833 1712 expetunt
861 1628 972 1704 multi,
1000 1641 1222 1716 ,expetantque
1247 1654 1311 1693 our-

238 1730 316 1792 near
348 1717 559 1802 omnibusque
580 1715 619 1777 ad
638 1714 752 1795 gaudia
772 1713 946 1776 adveutum
966 1715 1052 1777 huuc
1073 1728 1224 1778 secutura
1247 1718 1306 1778 adi·
1351 1729 1352 1760 ³

1351 147 1352 188 t

252 453 286 518 p.
305 426 394 516 14.).·
430 409 1209 517 Messiamloquentemsarit(cf.1,11—20.),
1247 435 1319 498 lraec

119 1826 121 1837 ¹
173 1835 179 1848 ι
221 1812 410 1898 duspatet.
462 1800 505 1861 Ut
525 1800 658 1862 Messius
683 1801 769 1862 dixit
790 1805 929 1897 ἔρχομαι
948 1791 1045 1896 eald,
1074 1801 1122 1862 ita
1144 1793 1184 1866 uri
1206 1805 1305 1868 nuri-
1351 1803 1352 1874 ἶ

236 1911 288 1970 μα
310 1883 501 1972 aperituri.
521 1907 550 1948 e.
570 1907 683 1948 sensus
703 1885 834 1950 divinus
856 1907 892 1948 m
911 1895 994 1948 vatis
1015 1888 1122 1950 nostri
1143 1889 1308 1965 omnium-

143 1997 147 2005 *
236 1993 298 2056 que
319 1971 550 2056 prophetarum
570 1975 601 2034 ei
624 1972 783 2036 similium
803 1971 920 2032 animis
944 1967 1002 2052 (cs.
1028 1991 1059 2034 v.
1082 1979 1113 2042 6.
1135 1971 1202 2050 9.),
1232 1997 1307 2059 pru-

234 2057 334 2142 pheia
361 2068 470 2118 noster
498 2078 570 2118 curn
596 2060 744 2120 omnibus
773 2050 843 2150 ejus
876 2057 973 2118 sociis
995 2067 1042 2135 ,et
1068 2055 1189 2141 virgo,
1235 2063 1305 2126 urbs
1351 2077 1352 2142 t

156 2153 159 2161 ’
236 2163 324 2204 nova
348 2140 586 2222 Hierosolyma·
597 2165 670 2207 cum
697 2155 787 2204 coetu
809 2163 896 2204 sacro
919 2137 984 2237 jani
1005 2153 1114 2224 parata
1134 2141 1305 2209 Messiam—
1351 2149 1352 2208 i

207 2259 211 2270 »
235 2247 296 2312 que
325 2221 495 2324 conjugem
520 2229 616 2290 auxie
645 2239 832 2314 exspectans
862 2233 927 2303 (19,
949 2237 981 2295 7.
1001 2237 1052 2302 21,
1071 2236 1103 2296 2·
1125 2232 1173 2304 9.)
1197 2227 1305 2294 dicunt
1351 2241 1352 2314 t

233 2313 348 2402 ἔρχου)
378 2309 420 2374 ef.
442 2333 474 2374 v.
493 2323 546 2384 20.
576 2315 714 2400 huicque
747 2325 825 2374 voto
855 2315 985 2398 piorum
1011 2311 1240 2377 ardentissimo
1268 2317 1303 2379 de
1351 2361 1352 2376 .

231 2398 393 2484 promisso
422 2393 666 2462 dlassiae‘mox
694 2397 851 2462 soluendo
875 2419 986 2460 ornnes
1008 2397 1106 2461 ceteri
1126 2395 1299 2462 Christiani
1351 2457 1352 2464 ,

231 2485 310 2544 libri
336 2477 434 2580 hujus
454 2495 737 2565 argumentantes<
758 2485 973 2568 praelectione
995 2497 1228 2563 cognoscentes
1248 2483 1289 2560 (rf

231 2580 262 2644 1,
276 2577 308 2638 3.
329 2577 382 2644 22,
405 2563 470 2653 17.)
492 2573 592 2631 aruiee
614 2569 839 2656 respondeant.
881 2565 936 2632 Ad
957 2581 1043 2635 tanta
1063 2563 1205 2632 Messias
1226 2594 1299 2652 gau-
1351 2595 1352 2650 t

231 2653 284 2716 dia
305 2653 429 2716 accedat
451 2657 629 2740 quicunque
650 2678 761 2719 eorum
783 2677 890 2718 amore
914 2655 1058 2730 ducitur3
1080 2659 1245 2720 seruantia
1263 2681 1302 2722 ex
1351 2659 1352 2708 i

229 2749 282 2815 21,
304 2745 335 2810 6.
362 2749 415 2814 22,
438 2753 466 2809 1.
489 2745 635 2826 repetita.
686 2742 739 2804 Sic
761 2754 850 2804 vates
877 2741 914 2802 in
935 2742 1001 2802 fine
1022 2761 1149 2802 summo
1173 2737 1302 2806 fervore
1351 2731 1352 2804 i

140 2875 142 2888 .
228 2825 332 2886 elatus
343 2817 482 2908 plurima
502 2827 643 2888 cumulat
662 2839 766 2904 acuta,
789 2827 916 2902 breuia,
938 2827 1093 2888 concitata
1114 2837 1147 2888 et
1165 2821 1300 2903 fervida,

228 2929 389 2972 summum
421 2911 498 2971 libri
530 2925 751 2992 argumentum
780 2933 847 2975 non
869 2913 949 2974 satis
970 2932 1004 2973 se
1025 2911 1184 2974 inculeare
1205 2935 1300 2998 posse
1351 2919 1352 2944 ³

182 3009 184 3014 “
226 3007 353 3080 putans.
384 3027 428 3042 -
469 2994 515 3056 V.
537 3007 590 3066 18.
610 3008 662 3070 19.
698 2998 792 3060 Nihil
814 3015 954 3082 unquam
976 2991 1102 3056 facilius
1135 3002 1300 3083 eorrumpi
1351 3007 1352 3068 1

152 3099 155 3106 ·
225 3091 353 3164 poterat
383 3101 477 3164 quam
510 3101 618 3147 rerum
638 3080 815 3166 futurarum
837 3085 873 3144 in
894 3081 1030 3144 oraculis
1052 3093 1300 3146 memoratarum
1351 3119 1352 3128 κ

167 3160 170 3170 ’
225 3185 320 3250 spes,
352 3164 514 3250 imprimis
535 3167 564 3228 si
585 3165 732 3230 auribus
752 3180 876 3230 tautum
898 3179 1030 3250 sucepii
1051 3179 1146 3231 esset.
1190 3167 1300 3232 Facit·
1351 3189 1352 3192 ¹

140 3287 159 3333 ,ι
223 3250 303 3314 lime
341 3251 430 3315 enirn
466 3271 617 3314 numerus
651 3275 808 3316 annorum
841 3254 1022 3324 hainmari,
1066 3253 1208 3337 nomina
1235 3257 1300 3331 iis,

226 3357 306 3432 quae
333 3337 404 3420 quis
426 3356 468 3397 ex
489 3337 547 3398 tali
565 3337 650 3400 libro
671 3339 852 3415 audiverat,
877 3339 1060 3402 narratione
1080 3341 1299 3420 propagandis
1351 3339 1352 3342 ’

144 3439 146 3450 ’
205 3441 378 3506 Ῥοτνθτεθ
410 3423 585 3505 explicari,
609 3427 720 3487 omnia
746 3423 889 3504 augendo
922 3425 976 3486 vel
1005 3423 1182 3484 minuendo
1211 3427 1298 3488 itae
1351 3421 1352 3428 '

216 3519 319 3596 ‘sensu
341 3507 481 3586 genuino
503 3503 600 3602 dejici
625 3521 789 3594 poterant,
821 3521 857 3570 ut
876 3531 956 3574 mox
980 3528 998 3582 e
1019 3503 1110 3568 salsis
1131 3511 1299 3596 interpre-
1351 3573 1352 3582 ,

220 3594 397 3655 tationibus
432 3591 720 3680 additarueutisqua
753 3595 932 3658 dissensus·
961 3603 993 3654 et
1035 3593 1180 3680 pericula
1221 3617 1298 3675 gra·
1351 3631 1352 3634 =

221 3679 315 3740 viora
337 3679 507 3738 orirentur.
549 3676 599 3740 Ita
620 3693 699 3765 quot
720 3685 908 3766 quantisque
929 3677 1155 3745 additamentis
1178 3679 1297 3764 depra-
1351 3755 1352 3762 ἵ

111 3821 115 3828 ,
221 3755 482 3826 vatos'viderrrus
503 3759 642 3841 Christi,
672 3787 752 3852 quos
774 3765 926 3828 derebus
947 3753 1194 3839 futurisdixit,
1223 3785 1296 3826 ser-

166 3846 181 3936 μ’
218 3869 330 3912 mones
353 3845 436 3945 apud
456 3847 606 3932 Papiam,
638 3847 806 3917 Irenaeum
829 3851 975 3937 aliosque
995 3845 1103 3910 Patres
1123 3851 1296 3939 antiquio·
1351 3859 1352 3882 ³

118 3969 121 3974 ·
147 3994 150 3999 ,
217 3937 287 3998 res!
316 3931 425 4018 Quare
444 3931 529 3994 haud
551 3937 687 4012 mirum,
712 3947 817 3999 vatem
840 3958 951 4000 omnes
974 3935 1049 3996 libri
1070 3933 1171 4029 hujus
1196 3957 1295 4020 prae-

216 4019 346 4102 legeudi
371 4027 592 4099 argumentum
614 4022 778 4086 audituros
800 4013 1022 4102 (cf..v.17.),-
1049 4038 1105 4086 eeu
1128 4017 1293 4082 Christia—
1351 4079 1352 4082 ,
