2802 4684
66 331 104 354 ⁹
162 445 166 452 ⁵
228 341 304 424 ml
387 299 637 457 illisiones.
687 341 714 454 l.
734 349 855 434 3,·1,·
885 340 970 436 opp,
996 349 1034 430 7,
1056 278 1156 422 48³⁴

150 585 154 596 ,
224 523 287 590 tur.
337 523 397 590 Est
441 521 549 590 uidem
569 523 687 614 parius
707 523 762 586 hic
782 523 913 612 piorum
933 501 1163 588 servandorum
1183 543 1308 588 nume-

221 549 477 690 ·ru'sirotundis,
510 619 568 675 nec
595 611 751 682 vatis'er'r
776 611 884 673 meme*
905 631 978 672 eum
999 605 1137 673 nimiriin
1158 613 1309 691 cogitare
1389 626 1390 690 t

187 733 189 740 r
226 699 313 760 licet.
366 695 459 780 Quae
491 697 579 761 enim
611 718 654 760 ex
688 698 736 759 rei
767 707 881 757 natura
900 707 941 758 er
960 697 1164 782 'experientia
1186 697 1312 758 hausta
1389 721 1390 780 3

228 783 340 872 opinio
363 786 512 847 omnibus
533 785 566 846 et
587 783 778 844 vetustiset
798 783 1030 854 recentioribus
1043 783 1222 867 prophetis
1244 783 1308 844 in-

226 869 351 945 haesit,
374 889 507 956 paucos
528 877 650 929 tanturn
668 887 744 930 vere
763 867 836 954 p'io's
858 865 981 954 deoque
1002 869 1152 952 probatos
1176 889 1193 930 e
1214 869 1308 930 cala-

226 955 374 1018 mitatum
412 967 534 1040 poenae
569 951 699 1015 divinae
733 953 825 1038 copia
859 953 973 1016 beatos
1000 953 1186 1038 prodituros
1218 975 1307 1029 esse,

228 1039 363 1104 eandem
384 1051 490 1101 vatem
515 1037 664 1104 ‘nestrum
693 1033 815 1100 fovisse
833 1051 940 1123 patet,
971 1035 1133 1124 imprimis
1156 1041 1307 1128 siquam
1390 1091 1391 1110 t

227 1125 340 1189 lennes
368 1133 437 1188 tr'rm
467 1123 624 1209 temperis
654 1120 776 1186 fuerint
802 1123 1052 1188 christianarum
1073 1146 1141 1202 res,
1169 1137 1308 1212 repute—
1390 1119 1391 1138 ¹

197 1255 204 1278 ,
227 1233 311 1274 mus.
323 1243 374 1258 ·-·
394 1205 450 1295 .3)
470 1207 509 1280 In
529 1214 600 1296 ipsa
622 1231 698 1273 vero
719 1210 926 1272 enumerandi
945 1211 1045 1272 tribus
1064 1212 1189 1274 ratione
1206 1214 1308 1298 plura
1390 1209 1391 1218 ’

169 1289 171 1298 ⁴
206 1294 304 1376 ¹sunt
324 1297 508 1376 singularia.
552 1291 638 1364 Ordo
683 1292 801 1357 rituum
821 1296 1019 1378 singularum
1040 1317 1143 1383 neque
1161 1311 1307 1372 extem-
1390 1303 1391 1314 ¹

228 1384 307 1468 pore
338 1388 399 1468 qim
434 1383 502 1443 nati
525 1382 597 1443 'sint
665 1379 691 1442 ii
718 1377 800 1444 Gen.
818 1389 871 1452 29·
893 1389 945 1451 30.
966 1401 1071 1468 neque
1092 1403 1135 1444 ex
1159 1384 1308 1447 tribuum

226 1470 309 1543 situ,
340 1467 395 1553 qui
425 1465 504 1528 ordo
534 1467 569 1528 in
590 1463 841 1528 cantieo'tttosts
861 1463 957 1536 Dent.
972 1475 1026 1536 33.
1048 1479 1193 1530 servatus
1215 1465 1308 1530 milri
1391 1521 1392 1544 p

228 1553 374 1628 videtur,
396 1552 712 1634 exacte'institutus,
734 1571 793 1614 nec
812 1563 920 1616 tamen
939 1573 1072 1638 prorsus
1091 1564 1211 1616 temere
1233 1557 1309 1616 ini-
1391 1605 1392 1632 3

228 1639 292 1717 tur.
333 1637 522 1702 ¹Praemissa
551 1639 657 1714 enim,
701 1657 780 1722 quae
815 1658 941 1724 semper
972 1632 1036 1699 suit
1065 1641 1308 1726 potentissrrna‚
1391 1635 1392 1654 ¹

195 1743 198 1754 ·
227 1723 328 1786 Judae
350 1724 434 1785 tribu
455 1737 486 1785 et
506 1733 583 1807 post
602 1743 676 1784 eum
720 1721 914 1804 rimogenito
930 1717 1062 1785 Rubene
1082 1723 1191 1810 posito
1208 1728 1306 1789 binae

149 1811 176 1876 .'
230 1821 403 1896 sequuntur
432 1809 535 1870 tribus
565 1828 604 1869 eo
635 1744 764 1894 quiXem
791 1829 854 1894 quo
881 1809 975 1870 binos
1000 1809 1089 1870 filios
1117 1831 1159 1872 ex
1190 1811 1306 1876 eadem

146 1971 148 1976 ,
222 1889 442 1992 =autconjuge
463 1903 517 1954 aut
538 1892 655 1978 pellice
681 1899 775 1956 natos
798 1913 866 1956 esse
888 1915 906 1956 e
927 1890 1008 1955 Gen·
1028 1903 1082 1966 29·
1104 1903 1157 1964 30.
1186 1898 1303 1974 elucet,
1392 1920 1393 1930 ¹

13 1989 32 2004 ‘'
102 2025 105 2034 ·
177 2050 183 2063 s
227 1979 361 2052 ordines
380 1977 451 2041 'nec
480 1991 586 2040 tamen
607 1977 672 2042 nisi
692 1979 729 2040 in
749 1977 893 2064 Josepho
916 1989 948 2040 et
968 1974 1159 2074 Benjamlno
1181 1983 1303 2044 ultimo

227 2067 301 2127 loco
329 2065 463 2152 positis,
500 2075 627 2150 tempus
654 2075 799 2126 servatur
828 2085 891 2150 quo
915 2064 986 2126 bini
1007 2067 1076 2126 nati
1096 2076 1181 2128 sunt.
1236 2067 1304 2130 Sed
1352 2113 1360 2128 .
1392 2109 1393 2118 κ

196 2191 198 2195 -
226 2171 359 2232 magnae
373 2151 511 2236 insuper
533 2151 568 2212 in
588 2151 648 2210 hac
670 2151 908 2212 enumeratione
922 2150 1069 2212 oriuntur
1085 2149 1304 2230 difficultates,

227 2257 305 2324 quas
335 2246 514 2324 quenquam
544 2255 578 2297 re
607 2225 750 2320 penitius
771 2235 1044 2320 inspeeta'nullae
1065 2248 1156 2312 sunt,
1188 2239 1303 2301 audire

225 2333 334 2385 tamen
366 2333 399 2384 et
428 2321 557 2382 solvere
580 2311 681 2416 juvat.
738 2315 867 2383 Omissa
894 2319 982 2384 enim
1011 2327 1060 2383 est
1089 2323 1190 2386 tribus
1212 2320 1301 2388 Dan
1393 2373 1394 2388 2

227 2411 306 2504 (prae
340 2417 413 2468 ente
442 2397 597 2468 Naftitlim
630 2405 780 2490 ponenda
813 2416 899 2486 erat,
928 2425 1069 2492 quaeque
1086 2407 1169 2470 ‘loco
1200 2403 1302 2504 hujus

224 2492 325 2554 tribui
341 2487 461 2554 Nastali
483 2483 649 2586 subjuncta
670 2501 719 2551 est
741 2487 921 2554 Manassis
940 2491 1059 2568 tribus,
1078 2492 1211 2580 eaquia
1232 2489 1302 2589 jam

161 2619 165 2630 .
225 2577 261 2640 iit
271 2575 350 2662 [σεε
369 2574 411 2638 ‘tri
421 2577 505 2638 tribu
518 2575 616 2651 latet,
633 2570 1064 2638 omittendafuissevidetur.
1091 2575 1302 2662 Quaeremen
1393 2595 1394 2598 ’

226 2597 387 2758 ςυοῐὴοςο
410 2683 428 2724 a
455 2665 530 2723 vate
556 2661 601 2722 sic
624 2661 756 2746 concipi*
771 2662 954 2746 potuerint,
988 2663 1141 2725 attentius
1161 2685 1302 2730 examen

224 2757 395 2810 monstret.
458 2745 617 2809 Tribuum
648 2743 779 2811 Israelis
817 2742 1053 2810 duodenarius
1087 2759 1253 2813 numerus‘
1282 2745 1308 2813 e'

139 2887 143 2899 ,
223 2843 314 2898 mure
335 2845 368 2895 et
388 2833 546 2894 memoria
567 2832 787 2894 vetustissima
811 2829 889 2892 adeo
912 2841 962 2892 est
982 2831 1140 2910 sancitus,
1168 2847 1204 2897 ut
1223 2837 1302 2898 ubi-

224 2913 408 3004 cunque'de
428 2929 499 2980 toto
520 2918 650 3011 populo'
668 2939 773 2981 sermo
797 2929 862 2992 est,
883 2914 971 2980 idem
993 2937 1121 3003 semper
1134 2919 1198 2982 sibi
1215 2944 1301 2984 eon-

225 3007 305 3079 slet3
325 3013 370 3086 et
399 3025 579 3090 quanquam
606 3002 683 3066 dein
734 3013 785 3064 ost
804 2999 908 3063 Mosis
939 3013 971 3064 et
990 3000 1127 3065 Davidis
1149 3015 1301 3092 tempore

158 3096 185 3135 ‘-
222 3080 312 3152 iaris
334 3099 474 3152 mutatae
496 3100 529 3150 et
546 3082 679 3182 jactatae
699 3025 829 3172 [ierunt
850 3085 1003 3173 quaedem
1022 3089 1144 3166 tribus,
1179 3103 1215 3154 ut
1237 3091 1300 3154 Jo-

127 3213 129 3216 -
224 3173 320 3260 s'ephi
339 3175 470 3260 posteri
489 3173 526 3236 in
548 3175 625 3234 duas
648 3155 1065 3254 abiteni¹tribus1nagnas‚
1094 3173 1177 3237 Levi
1195 3178 1300 3240 inter
1325 3167 1330 3174 ¹

223 3273 342 3322 ceteras
363 3259 616 3346 dispergeretur,
647 3257 728 3321 aliae
750 3255 919 3343 paullatim
937 3259 1126 3322 imminutae
1145 3261 1200 3323 trel
1220 3265 1299 3326 aliis

149 3383 154 3390 ·
221 3345 390 3408 immixtae
413 3347 484 3407 sine
513 3344 582 3405 ullo
612 3344 751 3424 vestigio
781 3353 904 3419 essent,
933 3355 1042 3407 tamen
1061 3361 1213 3410 numerus
1237 3349 1300 3412 ille

221 3425 349 3512 semper
370 3431 406 3492 in
428 3427 643 3492 enumerando
666 3435 828 3502 serualur,
859 3439 895 3488 ut
914 3431 1116 3514 antiquitatis
1138 3437 1299 3496 memoria

182 3567 186 3572 .
221 3515 333 3578 saltem
353 3515 477 3594 integra
498 3525 635 3576 maneat.
691 3511 738 3576 Ob
765 3514 872 3574 turbas
893 3524 973 3576 ‘vero
996 3515 1078 3576 illas'
1095 3537 1171 3603 quas
1193 3521 1297 3582 tribus
1338 3566 1342 3574 .

219 3621 343 3686 passae¹
363 3611 438 3661 sunt
464 3599 620 3684 plurimas
654 3598 783 3664 diversa
815 3592 879 3660 fuir
903 3603 966 3682 'per
995 3611 1179 3685 temporum
1207 3605 1298 3666 vices
1388 3627 1394 3636 ·

217 3681 360 3747 tribuum
391 3685 521 3756 illarum
550 3683 719 3746 duodecim
749 3683 1163 3761 erturne1·andarum⁴rati03
1196 3699 1230 3750 et
1259 3691 1297 3752 in

217 3793 334 3849 genere
364 3770 494 3855 quidem
525 3770 667 3854 triplex:
706 3773 743 3848 (ι)
767 3770 991 3856 antiquissima
1019 3781 1068 3832 est
1095 3773 1199 3849 ratio,
1234 3795 1297 3860 qua

206 3849 289 3941 filii
309 3855 418 3918 Jacobi
441 3853 611 3917 duodecim
633 3863 945 3930 enumerantur‚.·ut
973 3875 990 3914 a
1015 3867 1046 3930 te
1068 3855 1106 3917 iit
1130 3854 1211 3919 Gen.
1233 3867 1296 3934 493

215 3951 291 4026 post
311 3941 415 4004 iliosis
436 3941 560 4002 obitum
581 3941 610 4002 si
635 3936 670 4021 b)
694 3940 733 4002 de
756 3939 896 4000 tribuum
917 3875 1054 4002 sedilias
1076 3953 1223 4030 statuque
1245 3945 1296 4004 ci-

184 4075 187 4085 ,
215 4021 333 4094 vitiet
360 4025 476 4090 bellico
507 4025 629 4104 agitur,
671 4017 759 4088 Levi
780 4023 881 4084 tribus
900 4023 985 4085 inter
1013 4045 1125 4090 omnes
1147 4027 1295 4114 dispersa

212 4111 330 4174 merito
353 4111 399 4172 ita'
425 4109 557 4193 exulat„
585 4120 622 4170 ut
647 4106 792 4192 losepho
813 4106 971 4192 Ephraim
994 4121 1026 4172 et
1047 4109 1194 4176 tranasse
1215 4117 1295 4178 sub-
