2802 4684
241 296 333 382 198-
385 285 429 354 11.
455 261 631 354 visionis.
681 229 784 364 11213.
836 282 922 378 cap.
952 296 1013 373 11,
1037 293 1176 366 3-13.
1245 382 1247 390 ,

117 457 124 472 ⁸
238 479 331 556 sunt,
358 480 395 531 ut
423 479 537 552 votum
556 467 658 546 magis
680 465 916 554 imaginemque
941 488 1036 553 quem
1057 467 1174 550 dogma
1195 477 1326 547 agnos·

240 577 302 618 cas.
365 555 536 638 Paullatim
571 565 679 632 taenea
718 565 832 616 votum
871 556 907 616 in
935 574 1027 638 spem
1058 556 1326 640 opinionemque

242 651 360 703 certam
396 642 585 718 transiisse,
632 649 668 702 ut
706 639 823 718 uulgus
855 629 969 700 Elium-
993 639 1131 702 Messrae
1160 637 1326 724 proximi
1393 713 1394 718 ἵ

242 727 474 811 praenuncium
497 725 646 810 viamque
673 723 705 787 ei
724 725 870 790 moribus
892 725 1098 788 emendandis
1120 723 1326 810 pendentem

233 831 322 898 ,vere
353 810 566 876 adventurum
596 829 667 872 esse
696 821 840 895 putaret,
889 831 932 872 ex
963 808 1124 874 lobannis
1150 807 1326 895 'baptistae

244 897 385 968 historia
406 895 482 958 Joh.
498 909 527 973 1,
548 906 601 967 21.
615 902 667 966 25.
690 897 730 976 cl.
751 893 868 958 blatth.
891 905 941 972 17,
964 905 1015 966 10.
1036 895 1325 971 lllarc.9,11.12.

245 983 325 1046 satis
357 983 461 1046 elucet
488 977 530 1044 cf.
551 979 759 1062 Eiseumeng.
780 979 933 1044 ludenth.
961 979 1015 1068 T.
1024 990 1057 1052 2.
1084 1003 1118 1068 p.
1140 983 1214 1054 696.
1242 989 1325 1050 712.

244 1073 319 1138 714.
349 1067 528 1130 Schabbath
553 1061 670 1142 f.118,
694 1078 724 1136 1.
756 1079 788 1128 et
816 1068 912 1152 impr.
942 1064 1076 1144 stato,
1098 1077 1149 1136 10·
1180 1075 1232 1135 11.
1260 1065 1325 1126 ubi

157 1165 164 1192 ¹
245 1164 322 1238 post
342 1152 489 1234 ingentes
509 1149 601 1215 Elias
621 1149 739 1214 ¹laudes
761 1161 961 1216 enumeratas
983 1173 1016 1214 v.
1038 1164 1056 1222 1
1123 1151 1231 1214 .haec
1252 1171 1325 1235 po-

245 1239 408 1300 tissimum
434 1235 650 1324 praedicatur,
683 1237 769 1324 quod
800 1235 1098 1324 blessiae.praeviu
1144 1235 1325 1300 hominum
1394 1263 1395 1276 ¹

246 1344 354 1386 mores
374 1336 476 1386 castos
500 1335 532 1386 et
578 1323 675 1384 robos
689 1325 893 1385 restituturus
905 1322 957 1384 sit.
1000 1321 1142 1409 Moxque
1159 1322 1325 1408 opinione

246 1409 294 1472 ita
324 1411 512 1494 pervulgata
538 1345 631 1472 lilino
654 1409 731 1470 huic
752 1406 955 1493 exsequendo
977 1406 1083 1469 officio
1106 1427 1212 1470 comes
1232 1428 1325 1491 quo·
1394 1419 1395 1426 ’

248 1515 310 1580 que
332 1494 401 1584 dari
422 1495 546 1581 coepit,
565 1491 676 1556 Moses
697 1495 735 1558 ab
757 1495 847 1569 aliis,
867 1491 1005 1572 Henoclr
1027 1515 1125 1567 vero,
1183 1503 1323 1554 uantum

247 1601 332 1641 nunc
359 1579 487 1668 quidem
514 1599 683 1664 assequor,
715 1600 733 1641 a
765 1577 895 1642 ludaeis
924 1580 1027 1660 tnagis
1048 1591 1140 1642 extra
1161 1515 1326 1640 l'alaesti-

247 1685 322 1739 nam
346 1667 547 1728 versantibus
570 1686 649 1748 quos
670 1663 780 1726 l'atres
800 1663 900 1726 secuti
920 1677 996 1728 sunt
1019 1657 1061 1750 ¹).
1115 1661 1324 1726 Videbantur

248 1750 337 1834 eninr
356 1744 525 1836 paullatim
545 1749 603 1812 alii
623 1772 749 1836 quoque
767 1749 1179 1835 prophotaervetustissimi
1198 1761 1231 1812 et
1243 1768 1323 1828 gra-

248 1835 380 1896 uissimi
418 1859 490 1900 cum
520 1834 593 1900 Elia
620 1847 776 1898 certantes
805 1834 910 1898 eidem
937 1837 1065 1898 muneri
1093 1833 1204 1898 idonei
1234 1854 1323 1914 esse,

248 1918 376 2006 duoque
408 1942 582 2007 praecones
616 1918 768 1983 llIessiae‘
791 1921 917 2005 praevii
943 1913 1064 2017 junctis
1093 1921 1217 1984 viribus
1247 1939 1320 1980 rem

248 2006 366 2068 melius
394 2015 510 2088 agere.'
550 2005 592 2070 Fa
621 2005 743 2070 Mosen
766 2005 903 2092 quidem
931 2027 1004 2069 curn
1033 2004 1125 2085 Elia,
1152 2006 1203 2068 cui
1231 2004 1321 2068 inter
1395 2013 1396 2076 ἶ

248 2113 361 2153 ornnes
388 2090 519 2156 Israelis
540 2091 716 2178 prophetas
738 2093 908 2178 proximus
929 2091 1109 2169 videbatur,
1143 2091 1262 2154 iterum
1283 2090 1322 2169 in

247 2177 313 2238 fine
335 2179 443 2242 rerum
463 2178 684 2264 appariturum
702 2197 771 2240 esse
793 2179 871 2256 satis
888 2177 1011 2240 errature
1029 2173 1097 2273 jam
1110 2187 1183 2239 ante
1195 2173 1321 2236 Christi

221 2306 223 2312 s
247 2273 395 2346 tempora
423 2286 441 2326 a
466 2263 635 2327 nonnullis
665 2263 711 2322 ita
740 2260 825 2324 credi
853 2264 976 2357 coepit,
1008 2276 1045 2324 ut
1074 2261 1161 2334 Mosi
1189 2259 1319 2324 mortno

249 2347 348 2408 simul
377 2370 415 2411 eo
444 2350 551 2430 honor
575 2349 731 2424 tribuatur
754 2347 861 2426 gravis
881 2347 966 2434 quod
986 2349 1110 2432 primus
1131 2367 1207 2410 uere
1227 2367 1321 2408 mor·
1396 2344 1397 2382 ³

221 2497 226 2506 .
248 2444 378 2496 tuorum
405 2431 494 2512 (nain
523 2432 563 2495 de
591 2431 664 2494 Elia
685 2430 813 2494 diversa
834 2429 897 2514 suit
919 2431 1066 2513 traditio)
1085 2433 1121 2496 in
1142 2435 1244 2496 vitam
1265 2452 1321 2493 re·
1396 2427 1397 2498 l

250 2517 374 2592 diturus
397 2520 440 2579 sit
463 2515 504 2580 cf.
524 2515 677 2580 Debarim
695 2517 781 2578 rabb.
800 2511 825 2578 f.
839 2525 913 2588 255.
925 2529 956 2590 2.
978 2518 1164 2582 Tanchuma
1184 2511 1274 2588 f.42.
1289 2528 1319 2587 1.

249 2601 346 2682 Targ.
365 2601 586 2684 Hieros'olym.
606 2603 643 2666 in
663 2601 786 2664 Pentat.
805 2595 867 2666 Ex.
884 2614 1020 2676 10—12.
1042 2626 1093 2690 ap.
1112 2601 1319 2680 Eisenmeng.

22 2751 26 2764 ,
131 2767 137 2776 ἱ
250 2686 405 2757 Judenrh.
433 2687 473 2752 Τ.
488 2699 519 2760 2.
541 2711 576 2774 p.
591 2695 664 2761 698.
695 2699 727 2748 et
752 2687 868 2752 Matth.
890 2697 941 2765 17,
962 2697 994 2760 3.
1022 2687 1092 2773 (utut
1119 2685 1161 2752 cf.
1191 2683 1318 2768 Lighrf.

251 2774 397 2854 Schottg.
420 2787 452 2836 et
479 2771 520 2836 T.
541 2784 572 2846 2.
593 2795 625 2860 p.
644 2767 745 2858 544).
798 2773 967 2838 Panciores
995 2775 1098 2837 serius
1126 2773 1320 2838 Henochum

177 2865 183 2878 ¹
250 2857 342 2921 Eliae
373 2854 577 2954 subjunxisse
598 2861 749 2924 comitem
769 2857 953 2938 videntur,¹
974 2861 1059 2946 quod
1080 2871 1113 2924 et
1132 2861 1161 2923 is
1183 2861 1325 2923 seriori-

249 2946 308 3005 bus
335 2947 492 3032 propbeta
522 2945 649 3007 babitus
671 2957 719 3006 est
742 2945 882 3028 insignis
904 2938 1057 3032 exituque
1079 2967 1097 3010 e
1117 2947 1184 3008 vita
1205 2945 1324 3023 singu:

250 3029 313 3090 lari
342 3025 423 3092 Gen.
446 3037 477 3105 5,
497 3034 541 3106 24
567 3029 658 3093 Eliae
685 3026 873 3094 simillimus
900 3031 1068 3094 videbatur
1087 3026 1130 3093 cf.
1151 3028 1320 3094 Nicodemi

251 3135 366 3206 evang.
395 3135 421 3178 c.
445 3124 498 3186 25.
520 3115 556 3178 in
581 3113 721 3178 Fabricii
750 3117 821 3178 cod.
842 3137 948 3201 apocr.
969 3116 1009 3178 N.
1025 3115 1067 3178 T.
1087 3115 1124 3180 P.
1140 3128 1170 3187 1.
1190 3138 1224 3201 p.
1245 3125 1319 3188 291.

82 3238 87 3252 .
192 3199 203 3220 ·’
250 3201 356 3299 (cujus
377 3210 485 3263 tamen
505 3200 617 3286 scripti
638 3211 746 3263 auctor
764 3223 820 3264 sua
841 3203 939 3264 simul
960 3223 1002 3264 ex
1019 3196 1223 3288 Apocalypsi
1238 3201 1320 3261 hau-

208 3288 220 3298 ’“
250 3307 333 3350 srsse
360 3288 418 3350 vel
445 3285 618 3348 miscuisse
649 3287 735 3349 mihi
767 3286 927 3367 videtur).
960 3285 1111 3360 thiat.
1132 3296 1164 3358 3.
1217 3295 1319 3356 577.

116 3395 121 3403 ·
152 3409 159 3425 .
250 3363 359 3461 Atque
386 3375 432 3434 sic
462 3371 590 3458 quidem
619 3373 732 3458 opinio
761 3359 842 3436 llaec
871 3371 910 3435 de
931 3369 1005 3434 Elio
1025 3373 1097 3437 solo
1119 3374 1174 3435 vel
1191 3309 1268 3433 iilia
1288 3383 1325 3452 et·

251 3455 342 3517 llose
364 3460 417 3518 vel
437 3455 510 3518 Elio
530 3469 562 3519 et
584 3455 740 3519 llenocho
762 3460 798 3520 in
820 3461 884 3522 fine
911 3480 1018 3520 rernm
1038 3459 1075 3520 in
1095 3469 1212 3520 terram
1233 3448 1321 3518 redi-

251 3535 333 3602 tur-is
362 3541 400 3602 ad
427 3541 536 3603 Patres
565 3543 762 3628 antiquiores
783 3555 956 3630 propagata
977 3544 1109 3624 (lustin.
1130 3543 1175 3606 ill.
1197 3543 1273 3618 dial.
1293 3567 1318 3604 c.

139 3641 143 3648 “
251 3627 379 3710 'lfrypln
401 3649 448 3711 p.
475 3633 548 3697 226.
580 3625 720 3690 Doroth.
756 3628 835 3709 Tyr.
858 3629 897 3692 de
925 3631 986 3694 uit.
1007 3630 1126 3714 proph.
1148 3653 1174 3692 c.
1195 3639 1246 3699 18.
1271 3627 1318 3690 ed.

169 3733 171 3738 ·
250 3711 344 3774 laha.
375 3715 502 3796 Ρς465.
525 3709 663 3773 Tertull.
693 3713 732 3775 de
754 3715 851 3776 anim.
873 3739 899 3777 c.
918 3724 971 3784 50.
993 3713 1037 3776 tri
1062 3717 1166 3799 polyt.
1187 3715 1226 3776 tle
1247 3709 1319 3778 An·
1391 3745 1394 3758 ·

216 3869 223 3888 .
250 3797 346 3858 tichr.
366 3818 399 3882 p.
407 3804 459 3868 27.
475 3792 612 3878 August.
634 3797 674 3861 de
694 3801 785 3864 civit.
799 3799 852 3864 dei
872 3811 924 3879 20,
945 3811 997 3876 29.
1019 3737 1061 3863 cd.
1072 3801 1099 3864 F
1101 3803 1195 3864 ab'ric.
1218 3801 1254 3864 ll.
1276 3825 1318 3864 cc.

285 3987 317 4054 t)
334 3988 488 4044 Jrusnrau
515 3995 596 4048 etiarn
620 3994 772 4051 nonnullos
793 3992 849 4046 huc
873 3993 1042 4057 traduxisse,
1068 3995 1103 4046 e'x
1120 3993 1230 4047 Victor·
1246 3989 1317 4046 Petu.

174 4081 187 4091 ·
299 4076 419 4116 'cetuna
445 4068 474 4116 iu
494 4063 833 4135 Apoc.11‚3,appggqr,
926 4063 930 4074 ¹
