2802 4684
164 269 170 287 “
237 192 311 332 ῤ38
368 248 411 322 11.
437 215 612 334 Visiones.
640 247 701 322 111.
728 259 761 330 2.
788 242 1118 342 Aa.3.Cap.13,
1146 257 1207 328 18.
1251 223 1253 230 ⁵

232 433 299 527 jam
330 435 437 498 seculo
466 433 605 506 secundo
634 430 753 500 factum
781 453 851 499 esse
874 433 909 498 in
939 429 1047 518 aprico
1069 429 1150 518 est),
1178 452 1322 496 sensum

235 519 503 592 haud'assecutos
525 543 594 584 esse
618 521 769 608 varieque
784 513 838 592 'da
868 511 1124 604 eopdisceptasise
1153 538 1194 580 ex
1220 515 1321 580 Iren.

234 613 266 682 5,
288 617 331 678 30
345 601 456 696 Andr.
477 615 510 669 et
530 601 648 670 Areth.
670 605 794 694 ¹Cotum.
822 606 958 690 aliisque
979 604 1109 666 Petrum
1140 603 1224 665 locis
1252 623 1320 688 pa-

235 693 674 772 ret3vulgatissirnaua1nen
697 693 783 756 iuter
803 691 913 754 Patres
942 710 1071 770 graecos
1094 687 1223 752 Irenaei
1254 708 1322 752 ve-

222 776 331 876 stigia
352 779 495 860 legentes
517 777 632 864 opinio
654 773 719 842 luit
736 767 850 847 secedo
871 797 942 840 esse
965 773 1229 856 intelligendum.

318 974 428 1066 Atque
449 976 486 1039 hi
508 975 637 1065 quidem
657 986 723 1040 tres
747 972 870 1038 Christi
891 973 1211 1062 Christianorumque
1244 969 1323 1036 ini-

235 1061 332 1142 mici,
354 1085 435 1152 quos
456 1075 546 1126 vates
567 1061 697 1126 Christo
720 1061 859 1136 similia,
887 1061 995 1124 animo
1023 1054 1130 1124 tamen
1159 1060 1231 1146 ipsi
1256 1058 1322 1120 ad-

235 1172 350 1226 verso,
372 1171 465 1230 agere
485 1148 590 1230 fingit,
612 1159 649 1210 ut
668 1141 788 1246 junctis
805 1148 929 1210 viribus
949 1157 1057 1228 agunt,
1081 1167 1209 1232 unoque
1234 1145 1321 1206 odio

236 1235 372 1302 numani
393 1234 559 1322 impioque
578 1234 732 1315 flagrant,
762 1233 809 1296 ita
830 1244 937 1303 tamen
958 1236 1005 1295 sic
1026 1233 1169 1294 invicem
1186 1230 1322 1292 diversi

235 1332 328 1398 sunt,
349 1330 385 1382 ut
405 1316 558 1383 medium
578 1319 787 1404 potissimum
808 1319 916 1404 ipsum
929 1313 1193 1382 Antichristum
1206 1335 1321 1396 agno-

236 1428 304 1470 scas
327 1403 586 1470 Christianorum
607 1405 644 1468 in
664 1416 749 1468 terra
768 1405 937 1467 inimicum
957 1402 1195 1484 gravissimum.
1230 1400 1320 1464 Nam

236 1491 469 1578 Imperatorem
492 1491 625 1572 instigat
646 1502 771 1554 tanturn
793 1491 936 1568 Satanas,
957 1481 1086 1580 adjuvat
1105 1485 1320 1572 pseudopro-

236 1580 354 1665 pheta,
387 1588 423 1650 ut
441 1577 471 1638 is
493 1597 569 1662 prae
592 1571 706 1640 ceteris
733 1571 932 1640 Antichristi
962 1573 1095 1638 nomine
1124 1571 1320 1634 salutandus

238 1665 303 1741 sit,
331 1662 429 1726 modo
452 1673 542 1724 vates
562 1683 683 1726 nornen
710 1661 773 1737 hoc
795 1673 849 1724 aut
876 1660 1067 1742 cognoverit
1083 1669 1136 1720 aut
1155 1656 1318 1720 adhibere

236 1749 390 1813 voluerit.
431 1754 542 1834 Atque
563 1747 600 1810 in
619 1749 683 1811 hoc
706 1745 837 1834 quidem
862 1741 1069 1813 Antichristo
1104 1741 1316 1829 depingendo

238 1845 329 1899 vatos
356 1833 434 1918 adeo
465 1855 537 1897 cum
561 1831 662 1896 Paulo
680 1843 711 1904 ·2
732 1833 850 1897 Thess.
875 1843 907 1909 2,
928 1842 1034 1904 3—12
1063 1831 1251 1913 conspirat,
1282 1840 1317 1890 ut

237 1933 407 2006 utrumque
430 1919 580 1984 notiones
598 1919 696 1980 has-e
716 1917 911 1982 Judaeorum
930 1917 1077 1980 doctriua
1103 1915 1207 1976 simili
1229 1915 1316 1976 hau-

235 2003 318 2069 sisse
338 2016 500 2092 appareat.
542 2003 624 2066 Nam
641 2003 759 2067 Paulus
784 2025 910 2092 quoque
922 2023 1034 2066 unum
1046 2000 1171 2064 tanturn
1186 1997 1317 2062 Christi

234 2091 408 2155 inimicum
426 2091 611 2178 improbum
633 2091 794 2153 ominatur
815 2091 851 2153 in
872 2109 978 2152 rerum
1001 2088 1068 2150 fine
1090 2097 1240 2171 apertum
1262 2085 1315 2162 iri,

235 2177 289 2241 dei
310 2187 543 2240 contemtorem
561 2171 702 2240 ferocem
727 2177 852 2264 sibique
880 2177 1001 2238 cultum
1023 2182 1227 2254 arrogantem
1263 2169 1315 2232 di-

235 2251 368 2339 uinum,
390 2261 520 2325 tandem
540 2282 557 2322 a
579 2259 710 2324 Christo
731 2259 1000 2334 interficiendum.
1043 2255 1205 2344 Quodque
1228 2255 1314 2318 I'au-

235 2350 287 2412 lus
309 2371 342 2411 v.
364 2351 395 2418 4.
416 2345 455 2412 de
484 2343 689 2409 Antichristo
721 2348 828 2409 locum
857 2359 1000 2410 sanctum
1032 2341 1318 2422 Hierosolymita-

236 2455 316 2498 num
336 2433 438 2518 impie
460 2433 642 2512 ingressuro
661 2433 780 2509 innuit,
801 2432 887 2494 idern
906 2441 995 2515 vates
1016 2440 1126 2492 noster
1147 2427 1239 2490 haud
1264 2440 1313 2490 ta-

207 2509 211 2520 ’
237 2531 305 2594 cet3
327 2519 412 2580 hunc
433 2519 521 2579 enim
534 2517 733 2603 opinionem
753 2512 1014 2581 de'Antichristo
1035 2517 1147 2577 urbem
1169 2524 1313 2576 sanctam

236 2605 423 2686 ingressuro
446 2597 588 2679 fovisse,
610 2624 652 2666 ex
674 2614 730 2680 11,
749 2610 782 2673 7.
802 2609 854 2684 14,
874 2613 917 2674 20
936 2597 993 2680 (cf.
1014 2595 1119 2663 Andr.
1143 2600 1313 2662 commod

236 2712 264 2752 c.
288 2701 339 2760 11.
369 2709 401 2774 p.
420 2694 461 2758 46
488 2689 546 2776 qui
575 2688 662 2751 idem
683 2693 830 2766 testatur)
865 2689 942 2750 setis
963 2689 1084 2762 elucet3
1116 2687 1311 2772 accessitque

196 2848 200 2854 Ι
236 2774 298 2838 illo
320 2776 396 2874 ipso
417 2785 563 2860 tempore
584 2773 624 2843 de
647 2773 775 2840 Nerone
808 2771 1024 2848 exoriente
1058 2769 1171 2834 reduce
1200 2793 1311 2832 rumor

127 2929 146 2942 μ
237 2859 314 2922 huic
337 2861 490 2946 optnioni
511 2855 636 2923 favens.
687 2857 800 2945 Ipsum
819 2855 1020 2927 Antichristi
1042 2877 1180 2934 nomen,
1209 2859 1311 2918 serius

238 2955 392 3032 quantum
413 2944 509 3008 video
533 2957 608 3031 post
630 2944 723 3007 Pauli
743 2946 899 3032 epistolas
920 2943 1066 3028 vatisque
1087 2941 1196 3004 nostri
1227 2963 1308 3026 opus

236 3029 357 3117 scripta
378 3040 483 3110 ortum
516 3025 567 3115 (in
594 3032 774 3112 evangeliis
803 3053 863 3117 pro
892 3049 930 3092 eo
953 3023 1220 3090 Pseudochristi
1249 3049 1310 3089 no-

102 3159 116 3168 -
237 3137 314 3180 men
335 3116 457 3192 venit),
492 3114 625 3177 obvium
654 3114 784 3202 quidem
816 3127 865 3179 est
892 3116 928 3180 in
961 3111 1121 3176 Johannis
1151 3106 1309 3196 Apostoli

208 3274 210 3280 .
238 3201 390 3287 epistolis¹
410 3198 451 3280 (Ι,
471 3209 504 3276 ,2,
527 3209 662 3271 18—22.
681 3204 712 3276 4,
730 3210 762 3272 3.
783 3199 829 3277 11,
847 3195 894 3282 7),
924 3197 980 3262 sed
1009 3197 1056 3258 ita
1085 3207 1122 3258 ut
1143 3195 1308 3260 dohannes

237 3305 359 3360 nomen
373 3287 437 3347 hoc
450 3297 520 3348 tum
533 3285 691 3371 temporis
703 3287 788 3351 inter
799 3285 1004 3354 Christianos
1014 3281 1182 3362 vulgatum
1190 3293 1310 3344 totam-

240 3364 302 3458 que
315 3365 514 3432 Antichristi
538 3376 707 3434 notionem
723 3373 761 3435 ad
782 3374 878 3434 aliam
899 3372 1009 3458 potius
1031 3389 1100 3430 rem
1111 3379 1185 3452 apte
1200 3368 1310 3429 tradu-

53 3441 58 3452 ’
141 3513 144 3523 ,
239 3465 298 3518 cat.
341 3455 424 3522 Nam
442 3450 686 3520 Antichristum
704 3465 772 3520 non
792 3479 892 3520 uuum
917 3465 1041 3518 tantum
1063 3453 1144 3515 dicit
1172 3473 1309 3538 eumque

238 3540 395 3622 gentilem
415 3551 448 3604 et
468 3553 618 3605 externae
631 3541 890 3605 Christianorum
907 3539 1003 3604 saluti
1023 3539 1166 3626 pericula
1185 3541 1311 3602 anechi-

237 3637 368 3690 nantem
387 3627 515 3707 gravia,
535 3649 614 3712 quae
635 3629 779 3692 solennis
801 3641 872 3691 erat
889 3625 1005 3713 populi
1033 3624 1073 3686 de
1101 3619 1308 3686 Antichristo

168 3715 171 3727 '
240 3712 370 3798 opinio,
393 3711 449 3773 sed
468 3715 727 3798 omuempotius
756 3715 842 3776 haud
862 3733 941 3776 uero
963 3707 1086 3772 Christi
1112 3708 1309 3795 virtutisque

174 3847 178 3855 .
238 3819 347 3860 eruore
366 3797 515 3872 ductum,
541 3809 579 3858 ut
597 3799 675 3860 adeo
698 3797 857 3860 etmulti
877 3794 946 3862 e'sse
975 3805 1092 3883 queant
1112 3789 1310 3857 Antichristi

214 3879 271 3945 'et
291 3883 421 3968 inipso
452 3879 711 3970 Christianorum
743 3895 834 3946 coetu
864 3885 955 3948 oriri.
990 3877 1099 3968 'Quae
1129 3901 1207 3953 sane
1236 3902 1308 3943 vera

206 3984 218 3995 ’
237 3967 409 4029 admodum
430 3979 480 4031 est
501 3979 532 4029 et
554 3969 690 4030 salubris
711 3963 879 4054 doctrina(
903 3979 977 4054 apte
1002 3963 1040 4028 ab
1068 3959 1236 4050 Apostolo
1270 3988 1308 4027 ex

236 4053 361 4132 vulgari
383 4053 441 4115 illa
458 4051 650 4117 ludaeorum
679 4051 998 4140 christianorumque
1028 4053 1185 4135 opinione
1222 4050 1307 4112 deri-

374 4259 384 4290 x
424 4291 443 4310 l
