2802 4684
139 355 140 362 ,
235 306 322 416 90ζῖ1
400 311 444 438 ll.
465 302 641 380 Visiones.
690 309 734 378 Π,
759 321 794 389 3·
846 311 933 419 Cap·
957 321 1021 399 11,
1041 317 1075 389 8.
1100 322 1170 398 9
1268 275 1276 283 .

202 579 204 586 .
234 497 371 584 probare
391 513 491 582 posse
512 503 654 578 apparet.
673 491 812 579 πτῶμα
841 479 1053 580 (singularem
1075 487 1311 554 hunc'Griesb.

233 600 314 663 bene
348 597 476 660 lectiori
508 585 650 658 faciliori
685 589 852 686 πτώματα
869 617 916 658 .v.
941 606 974 680 9.
1002 593 1176 685 praetulit)
1210 574 1312 684 Πὲᾩ,

234 683 365 749 Graecis
387 682 550 768 imprimis
572 684 747 744 acrioribus
774 675 814 746 de
834 679 1010 744 certavere·
1026 680 1111 768 (τιτώ
1142 708 1164 747 α
1189 669 1312 766 νεκροῦ

180 791 184 802 ’
233 769 314 850 Eur.
342 767 466 850 I’hoen.
501 770 619 847 1496.)
646 769 848 853 'simpliciter
881 766 1001 829 dictum
1020 757 1074 828 cf.
1136 765 1239 829 obeck
1266 761 1309 825 ¹ad

231 855 355 938 l‘hryn.
374 877 408 942 p.
428 861 503 924 375.
545 850 655 915 Cetera
677 875 789 916 versus
806 865 837 924 8.
860 855 955 914 verba
974 851 1224 932 Hierosolymae
1243 871 1310 912 no-

231 949 307 1028 inen
339 937 610 1004 circumscribunt.
661 935 754 1000 Hunc
784 941 872 1002 enim
901 939 969 999 vati
1004 951 1082 1001 esse'
1100 959 1241 1010 moram,
1272 945 1310 996 ut
1385 993 1386 996 ,

147 1075 153 1095 .
233 1049 310 1090 vera
329 1025 462 1089 nomina
482 1019 622 1112 propria
639 1025 777 1098 reticens
797 1047 814 1088 e
831 1014 1021 1112 praedicaiie
1037 1026 1203 1105 gravibus,
1227 1042 1309 1104 per-

210 1109 354 1200 'spicuis
382 1129 512 1196 remque
542 1113 647 1195 ipsam
676 1109 715 1172 de
738 1128 798 1196 qua
818 1121 906 1172 totus
927 1109 1085 1172 sermonis
1106 1119 1199 1180 tenor
1228 1107 1308 1188 agit,

47 1209 50 1218 '
151 1235 155 1248 ·
231 1209 321 1261 acute
342 1199 440 1262 simul
460 1195 690 1288 attingentibus
703 1194 837 1258 ¹lectori·
850 1195 1026 1258 divinanda
1046 1195 1222 1282 relinquat,
1245 1191 1308 1256 id-

111 1303 113 1312 ·
186 1309 190 1318 ’
231 1289 293 1372 que
319 1283 358 1345 ad
383 1301 519 1370 poeseos
546 1281 648 1375 hujus*
670 1283 798 1362 generis
824 1292 972 1343 ornatum
992 1281 1204 1366 decorumque
1226 1299 1307 1364 per-

231 1373 351 1446 iinere,
386 1366 425 1430 ad
452 1387 486 1430 v.
504 1375 536 1436 3.
562 1371 709 1427 notatum
731 1378 790 1428 est.
842 1364 891 1427 Ita
911 1367 965 1427 hic
985 1387 1054 1428 non
1075 1365 1163 1428 nude
1180 1365 1306 1426 Hiero-

231 1457 358 1536 solyma
378 1452 492 1539 ponit,
520 1449 577 1513 sed
603 1447 721 1512 urbem
741 1468 910 1535 magnam
934 1453 1098 1526 nominat,
1126 1471 1205 1538 quae
1228 1449 1306 1536 qui-

188 1537 190 1544 ⁴
230 1541 304 1612 dem
317 1536 502 1624 Aegyptus
523 1532 712 1598 etSodomo
725 1547 857 1598 vocetur
877 1537 901 1596 i.
919 1558 950 1599 e.
969 1537 1044 1599 urbs
1061 1538 1163 1622 impia
1176 1554 1305 1622 poena-

231 1647 292 1714 que
323 1623 435 1710 diviua
465 1641 544 1682 mox
578 1642 607 1680 v.
636 1631 687 1689 13.
725 1631 868 1684 secutura
897 1623 1060 1769 imprimis
1090 1625 1130 1682 ob
1150 1625 1226 1708 pios
1248 1620 1304 1683 dei
1386 1639 1387 1704 t

227 1798 379 1869 nissima3
393 1793 475 1856 ‘talis
497 1790 585 1857 enim
605 1800 708 1854 terrae
729 1792 880 1878 urbisque
899 1805 1011 1856 notam
1028 1793 1105 1854 satis
1123 1793 1302 1873 imaginem

175 1901 177 1908 ⁴
229 1868 370 1962 Sodoma
397 1887 430 1942 et
455 1871 625 1962 Aegyptus
650 1877 857 1963 suppeditant
889 1877 1026 1961 (Erech.
1042 1885 1099 1954 ·16,
1121 1883 1174 1950 49.
1193 1887 1245 1953 23,
1270 1873 1310 1948 8.

227 1965 435 2042 Jer.23,14.
467 1962 533 2026 lee-
554 1973 582 2037 1,
605 1971 636 2034 9.
659 1969 725 2032 10.'
742 1961 856 2033 ot‘eu.
877 1973 907 2037 2,
931 1971 971 2038 63
1015 1958 1162 2048 Aegypti
1191 1967 1302 2027 tamen

227 2074 347 2116 nornen
367 2051 471 2135 rarius
493 2049 556 2109 ho.
577 2067 673 2110 sensu
693 2050 730 2110 in
746 2049 954 2134 proverbium
975 2049 1090 2124 abiit);
1110 2046 1207 2136 idque
1226 2049 1301 2110 urbi

115 2141 121 2161 ⁸
179 2169 184 2178 ·
228 2151 357 2202 sanctae
380 2153 500 2197 nomen
528 2133 628 2193 tribui
656 2140 765 2217 potest
791 2135 1027 2218 πνευματικῶς
1055 2155 1158 2195 aenan
1186 2130 1300 2196 subli-

227 2221 348 2300 miori,
377 2241 420 2282 ex
441 2215 644 2318 prophetico
665 2215 804 2304 apiritu
825 2231 986 2304 concepto'
1001 2240 1059 2281 nec
1080 2220 1147 2280 nisi
1169 2218 1301 2282 intelli-

115 2383 116 2390 *
151 2342 154 2352 =
226 2307 372 2390 gentibue
392 2324 562 2390 perspicuo
593 2299 812 2388 (allegoricam
834 2305 1245 2390 eniminterpretationem
1269 2310 1315 2367 et‘

111 2397 137 2422 “’
219 2395 396 2457 'nominum
417 2387 603 2451 *dandorum
632 2389 792 2455 rationem
819 2387 1056 2476 πνευματικὴν
1082 2410 1151 2453 esse
1173 2401 1302 2455 constat

224 2476 269 2543 el.
292 2475 393 2548 1Gor.
409 2487 459 2550 10,
477 2483 508 2543 3.
528 2467 584 2556 1.).
611 2469 706 2554 Quo
727 2475 827 2554 igitur
847 2476 912 2536 alio
934 2495 1030 2539 sensu
1050 2475 1105 2536 hic
1125 2477 1202 2537 urbs
1220 2477 1301 2537 alias
1388 2525 1389 2532 t

226 2563 430 2628 sanctissima
449 2556 558 2620 habita
573 2555 713 2638 Sodoma
733 2558 797 2620 dici
818 2571 925 2644 potest
944 2563 1012 2624 nisi
1028 2561 1118 2648 'quod
1137 2571 1208 2624 tum
1224 2563 1301 2648 qui-

150 2685 152 2692 ·
227 2651 302 2713 dem
332 2644 489 2730 temporie
520 2643 694 2724 'gentilium
732 2644 882 2725 contagio
920 2646 1087 2734 inquinata
1118 2667 1189 2708 oum
1224 2649 1300 2710 ahis
1388 2671 1389 2674 ¹

226 2733 340 2800 multis
365 2729 559 2796 criminibus
589 2739 659 2790 tum
686 2729 858 2815 prophetis
887 2735 1076 2816 praesertim
1095 2731 1167 2794 illis
1193 2743 1303 2795 teme-

227 2820 313 2883 rario
333 2819 409 2882 nisu
429 2817 543 2880 occisis
563 2833 703 2900 poenam
723 2814 777 2878 dei
796 2811 915 2912 justam
927 2838 960 2878 v.
971 2829 1022 2888 13.
1040 2816 1182 2880 meruit?
1203 2817 1313 2881 Unde

227 2909 327 2968 altera
348 2900 469 2966 accedit
489 2901 653 2964 denotatio
675 2911 766 2986 apta:
788 2897 849 2963 uti
862 2899 1022 2964 deminuo
1035 2922 1165 2988 quoque
1179 2923 1300 2966 eorum

222 2988 375 3064 crucio
402 3009 481 3048 axae
509 2995 579 3059 eat,
614 3005 677 3071 qua
706 2987 825 3071 partim
852 2985 1082 3074 llierosolyma
1110 2987 1298 3050 distinctius

225 3077 323 3140 etiam
351 3072 557 3145 describitur,
594 3071 714 3154 partim
741 3071 869 3134 caedem
894 3074 986 3136 illam
1016 3075 1064 3135 ibi
1084 3083 1301 3158 perpetratam

225 3181 293 3224 non
322 3159 401 3222 adeo
429 3155 608 3218 mirandam
633 3175 704 3220 esse
729 3151 891 3232 umuitur',
929 3161 1049 3244 quippe
1078 3177 1138 3244 qua
1160 3159 1197 3221 in
1218 3161 1300 3222 urbe

226 3245 374 3308 Christus
406 3241 532 3329 quoque
561 3235 665 3328 (καὶ),
702 3235 790 3335 cujus
818 3255 976 3324 martyres
1006 3245 1044 3306 hi
1072 3255 1105 3305 et
1132 3263 1243 3306 mores
1263 3256 1298 3306 et

226 3328 327 3394 fatum
355 3341 547 3400 secuntur,
587 3327 741 3390 similiter
770 3328 943 3391 trucidatus
975 3329 1028 3403 sit.
1054 3351 1055 3361 ¹
1085 3325 1184 3411 Quod
1208 3330 1299 3394 enim

158 3427 163 3436 '
226 3416 375 3480 Christus
391 3349 494 3476 quiae
519 3411 687 3497 Mosisque
709 3403 832 3488 (αὐτῶν
853 3435 913 3503 pro
936 3408 1033 3498 ἡμῶν
1051 3407 1145 3476 unice
1166 3412 1298 3500 verum)

134 3527 136 3533 ’
225 3500 387 3565 dominus
408 3499 879 3574 diciturnernirernur3lru11c
908 3503 997 3565 enim
1026 3499 1086 3562 deo
1106 3503 1297 3584 proximum

144 3626 146 3634 ι
225 3601 258 3653 et
287 3585 340 3648 illi
370 3574 480 3646 coluu't
502 3587 643 3667 moxque
664 3583 837 3646 affuturum
857 3583 1019 3648 vindicem
1037 3585 1233 3670 praedicant.
1252 3621 1298 3634 -

225 3673 272 3736 V.
291 3683 322 3746 9.
355 3667 519 3740 Cadavera
548 3670 649 3748 igitur
675 3669 710 3746 ⁸si
737 3669 783 3728 ita
812 3668 960 3754 despecta
990 3671 1159 3756 in‘platea
1174 3665 1296 3774 jacent,

226 3753 376 3822 omnibus
399 3757 506 3818 omnis
525 3753 641 3838 populi
661 3753 848 3840 ingeniique
868 3757 1055 3818 hominibus
1077 3753 1125 3841 (ut
1138 3770 1200 3828 ent
1218 3759 1295 3819 urbs

225 3841 332 3908 sancta
362 3838 470 3904 futuro
492 3839 555 3904 hoc
575 3851 720 3922 tempore
742 3838 885 3922 plurium
905 3830 1100 3926 po'pulorum
1121 3843 1295 3924 gentilium

154 3994 157 4006 Ι
226 3927 374 4009 congerie
403 3925 530 4013 procaci
564 3919 683 3986 referta
706 3934 755 3998 10,
778 3936 827 3994 11·
852 3937 901 4000 11,
920 3931 975 4007 92)
995 3918 1185 4012 'Spectatulo
1217 3939 1295 3991 sunt

223 4030 256 4078 et
275 4013 416 4076 ludibrio
438 4010 636 4096 (βλέπουσιν
655 4013 689 4074 ἐκ
701 4007 767 4074 τῶν
778 4007 981 4096 adspiciunt
1000 4031 1018 4074 e
1036 4009 1202 4106 gentibue
1218 4016 1294 4099 qui-

224 4121 346 4186 cunque
366 4099 472 4165 relint
493 4091 535 4158 cf.
556 4117 589 4182 p.
603 4090 670 4177 11.)
692 4114 751 4178 per
771 4091 847 4156 dier
868 4103 939 4160 tres
954 4101 994 4160 et
1011 4092 1200 4162 dimidium
1219 4099 1247 4160 i.
1263 4121 1290 4164 e.

101 1740 152 1816 1·
229 1708 530 1788 cultoreegraviter
554 1706 659 1768 laesos
681 1703 778 1781 (Gen.
802 1717 852 1776 18·
875 1717 926 1780 19·
949 1703 1052 1770 '‘xodt
1076 1702 1304 1791 1-15.)'dig-
1386 1707 1387 1730 ³
