2802 4684
231 317 307 400 226
370 311 414 386 11.
436 285 616 384 Visiones.
650 307 712 385 111
736 271 771 394 π’.
796 299 853 390 n:
869 335 899 384 a.
922 323 961 395 1.
981 311 1070 408 cap.
1093 321 1154 400 13,
1183 321 1221 394 1.

232 497 418 566 adulatione
434 489 556 592 abjecta
571 495 731 582 recepisse
744 509 800 560 aut
811 497 903 586 ipsos
923 497 987 562 sibi
1008 487 1185 578 arrogasse,
1208 505 1246 556 ut
1257 504 1340 556 tum

235 587 364 675 quidem
386 583 544 668 temporis
566 595 645 669 quot
664 582 882 669 Imperatores
903 596 938 649 et
958 579 1114 670 praelecti
1134 583 1265 644 cultum
1277 579 1341 640 di-

237 676 352 738 vinum
373 669 558 760 affectantes
591 679 638 730 tot
664 668 713 730 dii
734 671 770 732 in
789 669 971 756 provinciis
991 669 1103 732 adesse
1123 667 1343 740 riderentur,

236 755 280 822 et.
299 755 442 832 reone,
462 759 494 824 4.
511 763 556 832 53
583 753 672 816 suet.
693 753 770 818 Tib.
782 765 836 826 43.
854 754 959 837 cuig.
976 759 1027 827 14.
1048 753 1213 830 Ennea.
1227 759 1291 828 79,
1308 760 1343 822 9.

240 839 424 908 Seleucides
445 849 561 903 notum
580 861 615 902 se
636 836 717 902 deos
730 861 879 918 vocasse3
900 839 1139 928 ipsalioma-in
1152 837 1343 924 provincia

241 927 341 996 Deae
360 927 495 990 nomine
530 925 693 988 colebatur
712 925 853 990 Martial.
873 949 927 1013 ep.
945 937 996 1003 12,
1016 939 1049 998 8.
1080 924 1158 990 Tac.
1179 917 1283 986 Ann-
1309 928 1344 997 4,

38 1037 42 1044 ·
139 1041 143 1051 ·
244 1022 300 1091 26.
329 1007 371 1075 cf.
393 1009 512 1076 Zernii
539 1031 649 1096 opusc.
677 1031 756 1074 secr.
777 1001 818 1076 T.
835 1021 867 1088 2.
890 1036 925 1098 p.
938 1023 1012 1086 102.
1069 1007 1214 1094 Cumque
1237 1008 1343 1070 insa-

244 1122 322 1166 nam
350 1099 434 1162 hanc
462 1095 594 1159 divinae
614 1099 813 1162 auctoritatis
833 1098 1073 1162 affectationem
1093 1093 1244 1176 Caligula
1267 1100 1344 1154 im-

243 1184 361 1273 primis
393 1195 426 1246 et
456 1182 512 1268 qui
540 1181 603 1243 huc
632 1183 783 1266 proxime
802 1185 965 1270 pertinet,
993 1182 1079 1246 Nero
1098 1189 1342 1254 monstrarent,

244 1270 359 1344 Iudaei
387 1268 501 1368 quibus
520 1269 595 1329 talis
617 1267 762 1331 adulatio
783 1281 947 1354 peccatum
967 1269 1004 1332 in
1023 1288 1124 1330 unum
1144 1265 1247 1328 deum
1273 1286 1342 1326 ve-

119 1447 122 1454 .
217 1395 225 1402 -
244 1379 317 1420 rum
338 1355 566 1436 gravrssimuru
582 1353 700 1425 afferre
714 1353 901 1432 videbatur,
920 1355 1035 1418 acriter
1050 1351 1214 1432 indignati
1231 1362 1342 1424 sunt3

246 1439 290 1508 cf.
307 1440 441 1526 loseph.
462 1439 549 1500 arclr.
571 1450 621 1516 18,
635 1447 668 1508 8.
687 1450 720 1514 9.
741 1443 772 1503 b.
793 1435 818 1536 j.
839 1449 871 1518 ρ,
891 1449 922 1517 9,
944 1451 976 1512 ρ,
996 1447 1029 1512 3,
1051 1459 1071 1502 a
1091 1459 1152 1524 qu,
1169 1435 1340 1534 inpugna.

248 1531 339 1592 tione
372 1548 431 1590 nec
460 1535 551 1587 vates
578 1535 691 1588 noster
717 1527 842 1590 alienus
863 1526 978 1590 rideri
1008 1535 1132 1610 potest,
1165 1544 1224 1609 qur
1260 1544 1341 1582 curu

132 1673 137 1698 ,
248 1613 361 1677 forsan
387 1621 509 1674 statuas
537 1608 773 1696 Imperatorum
803 1633 924 1676 nornen
954 1610 1104 1674 divinum
1132 1607 1341 1671 mentientes
1386 1621 1387 1630 ¹

248 1719 356 1766 coram
376 1696 600 1782 conspexisset
621 1696 672 1782 (ut
692 1699 771 1760 satis
792 1699 945 1783 probator
968 1717 1010 1760 ex
1032 1687 1245 1777 v.14.15.),
1269 1715 1340 1756 no·

251 1788 340 1852 mina
360 1777 522 1846 e‘usmotli
541 1781 596 1844 dei
617 1784 779 1846 sanctitati
797 1782 956 1846 contraria
975 1801 1012 1845 ca
1037 1780 1135 1842 itibus
1158 1776 1339 1865 (Impera-

247 1806 390 1955 toribus)¹
407 1869 532 1931 belluae
551 1858 652 1964 hujus
672 1869 828 1954 inscripta
848 1868 962 1950 fingit3
993 1803 1035 1930 cl
1054 1888 1087 1928 v.
1106 1873 1139 1936 5.
1161 1871 1192 1935 6.
1215 1873 1337 1934 12·17.

253 1955 404 2019 Ceterum
425 1949 492 2052 jam
511 1964 618 2039 patet,
649 1976 704 2016 cur
725 1965 813 2018 vates
831 1953 1031 2030 diademata,
1060 1972 1140 2038 quae
1159 1971 1259 2040 supra
1286 1961 1336 2024 12,

249 2051 280 2114 3.
301 2045 382 2104 bene
405 2041 539 2104 Satanae
563 2061 632 2102 non
651 2041 801 2104 cornibus
820 2038 876 2104 sed
898 2039 1054 2188 cqpitibus
1076 2038 1253 2112 tribuerat,
1279 2036 1333 2097 hic
1386 2087 1387 2096 ,

250 2129 409 2212 cornibus,
433 2127 590 2210 imponat.
660 2125 770 2214 Neque
800 2126 889 2189 enirn
952 2126 1014 2188 iter
1042 2125 1165 2203 fingere
1186 2121 1259 2184 vati
1290 2122 1334 2182 li-

251 2213 339 2288 cuit,
361 2234 432 2274 curn
453 2207 646 2290 cornuallie
667 2211 903 2298 praefectorum
923 2211 1087 2292 regiorum
1101 2208 1251 2290 symbola
1266 2207 1333 2270 sint
1386 2217 1387 2224 ’

253 2310 348 2384 atque
375 2298 541 2382 utriusque
574 2305 607 2357 ct
639 2299 789 2360 cornibus
816 2297 1027 2384 strepitibus
1048 2295 1175 2375 insigne
1197 2292 1332 2378 aliquod
1386 2291 1387 2307 ¹

253 2405 352 2466 grave
373 2381 448 2444 dare
470 2401 646 2460 congruum
667 2383 908 2464 videreturr-
934 2381 981 2446 V.
993 2393 1026 2453 2.
1046 2379 1231 2442 Monstrum
1247 2377 1331 2439 illud

254 2491 324 2532 non
357 2465 464 2530 unius
493 2467 619 2530 belluae
638 2471 736 2530 robur
757 2464 957 2556 formamque
978 2461 1095 2542 refert,
1130 2463 1187 2528 sed
1208 2466 1332 2526 multa-

160 2597 166 2607 ·
254 2575 327 2630 rum
354 2548 622 2628 fortissimarum,
655 2566 691 2614 ut
710 2554 889 2618 belluarum
915 2575 973 2618 seu
998 2573 1170 2634 regnorum
1191 2551 1331 2614 triuma
1385 2627 1386 2634 ἵ

254 2637 338 2702 Dan·
358 2645 390 2713 7,
410 2643 505 2708 4-6.
526 2635 762 2722 descripturum
783 2642 879 2703 robur
903 2640 1199 2722 humanitatemque
1222 2630 1331 2732 juncta

159 2803 164 2812 ‚
203 2773 207 2780 .
256 2723 422 2811 possideat
429 2745 441 2804 3
470 2723 535 2784 toti
562 2721 651 2793 enim
671 2735 828 2788 terrarum
850 2727 923 2789 orbi
943 2726 1081 2811 imperat
1100 2721 1248 2786 Romana
1270 2744 1332 2808 po·
1385 2789 1386 2798 χ

99 2813 103 2824 ’
255 2811 358 2876 tentia
394 2828 502 2871 saeva.
563 2803 667 2888 Igitur
688 2813 872 2876 ¹maximam
907 2811 1038 2900 quidem
1056 2804 1193 2896 'partem
1225 2807 1332 2868 bellua
1385 2847 1386 2856 κ

152 2991 157 2999 ι
257 2913 353 2977 cruda
373 2925 405 2974 et
427 2908 606 2976 fortissima
620 2911 819 3000 pantherae
840 2915 961 2980 similis
981 2925 1032 2978 est
1046 2905 1228 3000 (πᾶρὸᾳλις
1251 2914 1331 2996 *felli

257 2997 298 3060 de
335 3019 396 3086 qua
429 3000 530 3060 bestia
564 3000 719 3064 saevitiae
754 2996 974 3072 ferocissimae
1000 2999 1175 3080 imaginem
1202 2998 1331 3082 saepius

257 3087 432 3171 praebente
450 3083 517 3148 Jer.
530 3090 568 3159 5,
593 3090 625 3154 6.
659 3105 694 3148 v.
717 3083 868 3150 Bochart.
889 3088 1014 3156 hieroz.
1032 3084 1059 3148 Ι.
1080 3107 1114 3170 p·
1133 3094 1198 3154 800
1218 3082 1330 3230 sqq·)3

230 3169 317 3232 ‘sed
343 3167 474 3254 pedum
508 3169 605 3230 robur
638 3171 887 3258 comparandum
918 3184 969 3236 est
998 3193 1071 3236 cum
1097 3170 1165 3232 ursi
1196 3170 1330 3254 petbus
1384 3177 1385 3184 ’

259 3255 473 3318 anterioribus
511 3255 617 3317 firmis
659 3258 853 3344 ungulisque
895 3254 1258 3322 immanibusrrnunitis
1292 3247 1331 3314 cf.

142 3421 145 3429 y
239 3339 362 3424 Beth·
382 3337 412 3402 l·
440 3360 474 3425 p·
490 3347 567 3410 808·
597 3337 679 3427 (pro
702 3338 825 3430 ἄρκτου
843 3345 881 3407 in
908 3345 980 3407 cod.
1001 3338 1102 3406 Alex.
1123 3341 1262 3425 aliisque
1283 3338 1332 3400 le-

260 3425 348 3506 gitur
367 3419 487 3508 ἄρκου,
510 3445 590 3510 qnae
610 3423 836 3512 pronunciatio
857 3429 992 3492 mollior
1007 3421 1243 3492 Alexandrinis
1263 3424 1331 3486 usi-

258 3522 323 3572 tata
344 3510 382 3570 ab
403 3512 477 3594 ipso
499 3503 611 3573 forsan
633 3523 760 3576 auctore
781 3510 925 3601 profecta
947 3517 1036 3592 est);
1070 3512 1183 3574 rictus
1211 3509 1329 3570 hiantis

260 3595 419 3658 voracitas
442 3613 514 3655 curn
535 3595 643 3658 leonis
667 3619 723 3662 ore
746 3595 786 3660 cf.
807 3609 885 3675 9,8.
902 3609 954 3671 17.
995 3599 1206 3681 Praecipuum
1226 3607 1329 3656 tamen
1384 3611 1385 3670 ς

260 3681 324 3744 hoc
349 3690 414 3756 est,
447 3678 581 3743 Satanae
611 3703 707 3746 omne
734 3685 798 3746 hoc
833 3683 974 3758 Romani
993 3683 1127 3770 imperii
1147 3677 1330 3744 roburim-
1384 3693 1385 3730 i

258 3786 361 3828 mone
382 3763 481 3845 (unde
504 3765 557 3828 hic
578 3766 641 3856 tria
661 3769 814 3832 vocabula
839 3761 984 3857 δύναμις
991 3819 1003 3850 ,
1023 3759 1150 3854 θρόνος
1147 3813 1168 3848 )
1190 3764 1327 3843 ἐξουσία)

259 3849 384 3927 deberi,
415 3860 451 3914 ut
471 3851 544 3912 loco
566 3871 636 3946 equs
659 3849 863 3918 Christianos
885 3847 1224 3942 imprimis‘infestet3
1251 3850 1329 3911 sicut

260 3933 409 3998 Christus
437 3935 504 4022 ipsi
533 3935 705 4022 oppositus
728 3933 856 4004 ornnem
878 3953 1072 4027 potestatem
1083 3959 1110 4002 ,a
1130 3936 1191 3999 deo
1213 3935 1328 4020 accepit

233 4031 289 4096 ·2‚
309 4033 362 4092 28·
384 4031 415 4097 3,
435 4031 488 4094 21·
509 4029 553 4068 ·“-
574 4021 619 4086 V·
645 4035 762 4096 3—10.
805 4023 945 4089 darn-ad
966 4023 1142 4090 Neronem
1173 4021 1228 4107 qui
1249 4021 1327 4082 inter

257 4104 472 4191 Imperatores
502 4121 626 4192 septem
654 4111 845 4196 potissimus
866 4124 950 4188 erat,
983 4111 1051 4173 vati
1079 4105 1326 4194 perveniendum

256 4205 317 4256 est.
359 4191 435 4272 Quo
459 4193 539 4253 satis
564 4197 707 4279 aptesic
728 4197 933 4282 progreditur
956 4192 1063 4270 vates,
1092 4204 1128 4254 ut
1150 4203 1324 4276 seseptero
