2840 4690
195 364 200 370 .
248 299 323 412 154
347 339 371 392 1,
446 293 490 364 Π.
511 286 687 402 Visiones.
723 291 763 364 l.
784 301 819 384 9,
840 309 873 374 1.
928 295 1015 389 Cep.
1038 293 1075 386 6,
1096 306 1131 376 8.
1205 403 1211 422 ἱ

195 515 199 522 ·
246 471 323 565 Qua]
342 479 377 541 in
400 475 542 559 imagine
561 495 713 562 praesens
736 469 918 546 ἀκολουθεῖ
940 491 1103 566 praestare
1125 490 1204 566 puto
1225 477 1333 542 lecti-

247 569 305 627 oni
327 557 522 650 ἠκολούθει,
548 560 588 624 cf.
610 587 643 650 p.
656 569 710 637 39.
752 563 999 652 Mandatumque
1011 569 1042 646 is
1059 561 1189 650 accipit,
1210 585 1333 650 quar-

246 661 320 714 tam
342 653 365 710 i.
388 665 416 710 ez
439 647 516 711 sa‘tis
537 669 684 727 magnam
705 641 760 735 (cf.
782 662 813 726 8,
834 660 956 726 7—-12,
982 654 1043 714 ubi:
1061 665 1167 714 tamen
1187 643 1252 748 jam
1275 652 1331 711 ira

151 791 154 798 ,
245 737 359 799 divina
388 747 421 796 et
448 737 627 798 calamitate
657 747 815 797 crescente
837 735 1005 808 [teatini.
1027 737 1192 822 e.·paullo
1214 729 1330 827 major

72 815 74 832 '
177 845 203 902 7·
244 816 446 904 nominatur)
478 833 580 882 terrae
610 841 667 881 seu
689 822 860 884 bominum
883 819 1028 884 omnium
1042 833 1175 908 partem
1191 822 1330 883 interfi-

246 907 355 968 ciendi
374 911 442 967 non
463 901 549 966 bello
570 916 696 968 tanturn
716 899 781 1005 jam
803 921 874 969 orto
899 909 948 984 (t.
965 913 1018 983 4.)
1038 921 1070 970 et
1092 903 1175 972 fame
1197 905 1243 990 (v.
1262 907 1328 985 6.),

144 975 150 1050 J
244 990 301 1054 'sed
325 999 424 1076 peste
451 992 548 1051 etlam
575 1012 674 1075 porro
697 1011 739 1052 ex
760 993 839 1062 belli
861 1003 893 1054 et
913 987 1013 1054 samis
1032 992 1246 1055 incommodis
1269 986 1354 1052 sa-.

243 1078 365 1139 cillirtre
388 1075 538 1150 oriunda,
578 1096 640 1162 qua
661 1078 851 1140 remotiores
872 1079 1036 1162 imprimis
1062 1079 1176 1140 vexari
1197 1076 1326 1139 indicat

239 1161 358 1226 Erech.
377 1166 407 1235 6,
431 1171 481 1230 12.
504 1150 809 1254 (ddrueocigitur,
832 1161 887 1250 qui
908 1167 945 1224 ab
967 1158 1324 1259 initib'hujus·versus

241 1249 328 1310 baud
350 1244 445 1308 dubie
467 1245 565 1308 Mors
587 1253 657 1321 est,
698 1259 812 1332 postea
833 1260 868 1308 ut
889 1271 952 1310 una
978 1249 1112 1330 necandi
1136 1249 1217 1310 ratio
1240 1249 1321 1309 aliis

242 1331 393 1422 opposita
399 1329 514 1416 pestis
527 1331 570 1390 sit
582 1341 729 1416 oportet,
751 1344 787 1394 ut
805 1336 844 1396 in'
857 1335 914 1395 tali
925 1324 1072 1431 junctura
1080 1333 1125 1397 V.
1135 1333 1175 1396 Τ.
1189 1355 1323 1426 semper

172 1440 179 1460 ¹
241 1429 699 1526 i{]“p011it,'cf.'p.123.);
734 1447 766 1498 et
787 1431 926 1508 belluis,
961 1459 1093 1524 quarum
1122 1439 1259 1526 denique
1283 1439 1321 1500 in

239 1525 325 1584 terra
349 1521 448 1581 variis
470 1521 701 1582 calamitatibus
723 1521 867 1584 desolata
885 1531 992 1602 tantus
1008 1537 1139 1606 augetur
1155 1544 1321 1600 numerus,

240 1619 279 1670 ut
308 1600 462 1692 reliquias
490 1607 611 1690 populi
641 1618 754 1670 tenues
786 1607 932 1669 hostium
958 1608 1061 1672 instar
1089 1605 1320 1672 acerrimorum
1357 1635 1362 1644 Χ

197 1705 200 1716 ’
229 1721 362 1784 ¹renent
382 1705 424 1778 cf,-
438 1721 460 1780 2
467 1708 547 1790 Reg.
560 1719 610 1786 17,
621 1717 682 1787 263
706 1712 789 1774 sicut
800 1705 865 1808 jam
877 1707 995 1774 Ezech.
1009 1715 1058 1789 14,
1068 1724 1120 1784 21.
1137 1717 1208 1802 Q]
1225 1716 1318 1799 Πζηῖ

239 1791 408 1892 adjecerat.
452 1795 698 1880 l'raepositione
719 1790 787 1862 aiud
803 1816 885 1882 per,
905 1817 983 1882 opo,
1002 1792 1227 1880 baud'tetnere
1248 1787 1318 1858 imss

238 1892 379 1944 mutatur
400 1882 573 1962 verborum
594 1888 769 1957 structurass
796 1881 904 1964 gladio
926 1885 1033 1961 onim,
1062 1879 1146 1948 farne
1168 1894 1200 1946 et
1222 1893 1322 1970 peste

238 1979 275 2028 ut
305 1967 529 2030 instrumentis
561 1967 662 2028 utitur
689 1967 797 2044 lllors,
830 1967 1009 2032 belluarum
1037 1990 1093 2032 ore
1123 1979 1159 2030 ut
1188 1967 1316 2030 auxilio

240 2047 326 2114 forte
348 2045 479 2114 fortuna
500 2052 678 2119 accedente.
781 2089 786 2102 ι
1120 2071 1122 2078 ’

324 2135 393 2200 Hae
412 2139 511 2217 igitur
525 2138 611 2200 »hetti
635 2126 828 2211 calamitates
850 2147 924 2198 sunt
946 2125 1027 2226 ἆρχῆ
1047 2127 1190 2214 ὠδίνων,
1218 2157 1318 2222 quam

237 2219 330 2286 Jesus
352 2221 468 2284 Matth.
480 2226 532 2298 24,
549 2231 581 2291 7.
604 2223 724 2304 verbis,
731 2213 946 2308 ἐγερθήσεται
961 2229 1065 2296 ἔθνος
1080 2221 1135 2286 ἐπὶ
1152 2225 1257 2296 ἔθνος
1270 2253 1317 2269 -·

236 2305 294 2374 uui
315 2307 563 2392 i'oouuucltuol
584 2307 641 2372 καὶ
662 2306 777 2391 λοιμοί
798 2308 843 2368 sie
865 2309 1100 2395 expressin'ut
1113 2317 1220 2370 vatem
1233 2308 1315 2382 haec

237 2415 370 2456 ornasse
388 2403 514 2473 tantum
535 2403 567 2454 et
587 2392 778 2458 distinxisse
797 2392 894 2454 dicas.
937 2391 1019 2454 Sunt
1039 2388 1169 2477 quidem
1180 2391 1316 2454 calami-

237 2491 319 2541 tates
340 2480 401 2540 hae
423 2480 577 2556 emissae,
598 2489 634 2538 ut
655 2459 784 2540 tdndem
805 2488 1005 2562 postrorum
1028 2482 1116 2540 vices
1138 2473 1245 2540 “varias
1259 2499 1314 2540 res

237 2565 416 2644 christiana
437 2553 723 2626 victrix'discodat
741 2559 793 2648 ¹(v.
805 2575 834 2632 1.
849 2558 912 2647 2.),
935 2575 967 2624 at
987 2565 1076 2648 ipsae
1098 2585 1181 2626 nunc
1203 2559 1314 2627 chris-

181 2693 183 2702 ι
236 2653 432 2734 tianosnon
453 2649 676 2734 minus‘quam
697 2661 819 2712 ceteros
841 2649 1042 2733 percutiunt,
1073 2649 1139 2710 imo
1162 2649 1224 2709 hoc
1245 2650 1330 2710 fines

236 2734 402 2800 immissae
424 2732 610 2814 cogitandae
633 2745 727 2810 sunt,
748 2744 783 2794 ut
804 2749 1025 2796 aerumnarum
1047 2743 1080 2797 et
1100 2735 1313 2796 vexationum

235 2823 301 2907 piis
318 2819 580 2894 imminentium,
603 2821 718 2906 quibus
739 2819 997 2896 multiinsontes
1015 2818 1176 2896 occidant,
1199 2823 1314 2882 omnes

235 2908 414 2992 probentur
440 2918 472 2966 et
505 2906 733 2990 explorentur,
765 2905 910 2977 cumulus
942 2903 1063 2968 crescat
1091 2904 1205 2990 deique
1231 2907 1312 2968 vin-

236 2982 353 3054 dictam
374 2983 493 3085 justam
515 3003 678 3075 exposcat.
708 2987 791 3052 ‘Hoc
818 2991 906 3054 enim
928 2991 977 3052 rei
997 2990 1102 3075 ipsius
1124 3004 1236 3052 natura
1257 2986 1311 3052 fe-

235 3079 340 3150 rebat,
364 3087 400 3136 ut
420 3085 496 3160 post
518 3077 712 3136 exantlatum
734 3073 1026 3162 ‹leruum'laborum
1047 3075 1209 3137 immerito
1231 3097 1312 3160 per-

233 3159 460 3248 petiendorum
488 3159 730 3222 multitudinem
756 3162 894 3222 salutem
913 3167 946 3222 et
963 3163 1189 3226 liberationem
1209 3162 1310 3222 affore

236 3267 348 3308 omnes
368 3245 462 3328 hujus
483 3245 610 3325 generis
633 3257 723 3308 vates
746 3244 930 3330 sperarent3
951 3245 1010 3307 has
1029 3245 1309 3315 enimin'tercala-

171 3388 173 3394 s
235 3335 367 3394 mitates
397 3330 472 3392 dum
510 3332 615 3412 virtus
643 3333 776 3416 probata
803 3332 1148 3411 emicat‚·ignaviores
1176 3343 1209 3394 et
1231 3325 1309 3396 falsi

235 3416 379 3481 numinis
400 3416 570 3478 christiani
586 3428 794 3478 secernuntur
807 3428 995 3501 coetumque
1014 3417 1164 3480 deserunt
1176 3417 1308 3502 piorum

234 3503 322 3564 haud
348 3502 508 3578 inritum3
525 3539 527 3542 -
542 3501 680 3588 dumque
708 3503 855 3564 insontes
875 3502 1010 3587 plurimi
1030 3501 1162 3579 eadunt,
1191 3505 1307 3564 ceteris

173 3591 179 3600 '
233 3587 382 3674 probatisv
403 3597 435 3647 et
457 3587 584 3666 egregie
610 3589 760 3672 spectatis
781 3587 926 3663 tuendis,
955 3587 1141 3670 servandis,
1173 3587 1306 3650 beandis

146 3677 149 3691 '
205 3675 285 3773 ¹jus
315 3682 444 3758 paratur
471 3683 642 3735 sumtuum.
706 3669 817 3758 Itaque
839 3673 887 3736 'ex
907 3674 1002 3736 bellis
1024 3674 1097 3735 istis
1128 3669 1305 3758 (ms-8.)

155 3806 161 3818 ,
234 3771 273 3826 et¹
298 3757 529 3818 calamitatibus
550 3769 706 3820 terrarum
727 3759 851 3820 mutuis
868 3761 1058 3840 vexationes
1078 3758 1176 3820 simul
1196 3759 1307 3820 chris-

233 3847 397 3906 tianorum
426 3837 514 3904 dirae
546 3857 718 3907 nascuntur
747 3843 954 3920 (Matium,
983 3839 1058 3923 9.),
1086 3843 1236 3923 tyrannis
1268 3845 1306 3908 in

195 3935 197 3938 ’
233 3925 493 3992 christianorum¹
512 3927 646 4012 plebem
671 3929 866 4016 despectam,
900 3949 994 4015 quam
1026 3931 1135 3990 turbas
1168 3929 1244 3994 illas
1271 3932 1326 3992 et'

233 4011 413 4077 infortunia
435 4015 580 4078 effecisse
629 4028 734 4092 utant,
753 4027 868 4078 ‘totum
882 4017 994 4080 animi
1012 4013 1139 4082 inimici
1159 4025 1195 4078 et
1214 4015 1305 4080 crudi

224 4095 346 4164 ¹odium
366 4101 556 4164 efflantibus
581 4039 709 4188 “guare
732 4112 805 4186 apte
826 4091 971 4186 profecto
994 4111 1085 4194 vates
1101 4155 1117 4171 .,
1216 4139 1218 4144 ,
1253 4161 1269 4185 ,s
