2802 4684
44 301 47 310 ⁴
126 331 127 335 =
163 341 167 352 ,
239 297 317 370 214
373 285 416 358 Π.
441 281 622 360 Visiones
657 249 720 356 lll.
734 291 771 363 2.
804 277 846 351 A.
863 258 951 362 (1.1.
961 279 1048 376 Cap.
1071 291 1133 371 12,
1158 289 1192 362 2.

243 491 401 534 summam
428 470 658 552 (v.12.17.).
714 466 789 552 Qua
818 466 952 554 quidem
981 465 1167 530 narratione
1193 465 1270 528 ficta
1297 461 1330 541 1)

267 557 324 618 uid
345 575 463 644 quaeso
482 555 574 620 aliud
594 553 759 641 explicare
780 565 870 618 vates
892 553 1020 630 voluit,
1042 573 1137 640 quam
1158 548 1327 636 quomodo
1384 579 1385 632 3

164 653 167 664 '
246 579 377 706 gaianas
403 649 587 726 'perpetuus
624 643 683 704 ille
703 642 788 708 boni
803 641 959 726 probique
982 659 1058 702 osor
1079 649 1112 700 et
1133 634 1331 723 quasiMes-

247 730 315 792 siae
335 727 480 802 nondum
500 740 576 793 nato
598 720 665 818 jam
686 727 838 792 inimicus
859 724 1055 788 christianos
1075 743 1160 786 nunc
1181 715 1329 786 nefando
1384 793 1385 808 .

82 843 91 866 ·
247 813 398 900 persequi
421 812 509 876 odio·
524 816 770 900 occasionesque
792 812 906 898 quibus
926 811 969 872 iis
988 821 1103 874 noceat
1132 807 1330 892 circumspi-

199 891 206 900 ’
230 891 321 962 'cere
343 909 432 984 aptas
445 892 510 984 (cf.
532 907 583 975 13,
603 904 650 976 2.)
671 895 799 986 possit?
820 895 891 958 Hoc
912 906 997 958 certe
1013 917 1071 980 per
1083 917 1118 958 se
1130 905 1219 988 patet
1230 897 1330 955 unice

249 983 305 1046 hic
329 983 504 1050 tenendum
536 989 605 1048 e'sse
630 984 765 1071 ipseque
784 995 876 1046 vates
896 983 943 1044 ita
964 981 1091 1050 visione
1112 981 1178 1070 lrac¹
1193 980 1332 1066 praevia

187 1099 190 1110 ·
249 1069 290 1134 ad
304 1080 501 1154 (sequentes,
529 1070 657 1156 priores
687 1069 852 1157 imprimis
888 1067 966 1132 duas
986 1089 1014 1130 c.
1030 1076 1090 1146 13,
1119 1076 1194 1152 apte
1217 1065 1331 1131 omnia

250 1155 386 1220 insinuit
405 1167 647 1243 praeparatique.
693 1170 703 1189 ·
1085 1177 1088 1184 ·
1221 1173 1223 1180 ’

341 1297 387 1362 V.
409 1311 440 1372 1.
480 1298 656 1384 Quaeritur
687 1301 742 1366 hic
768 1311 841 1366 aute
864 1299 990 1378 omnia,
1028 1319 1182 1391 quaenam
1202 1293 1334 1360 intelli·

256 1383 361 1469 genda
378 1384 426 1462 sit¹
431 1379 594 1474 foemina
614 1389 702 1450 haec.
744 1386 903 1474 Equidem
924 1387 963 1450 de
987 1385 1106 1450 duabus
1127 1395 1254 1446 tautum
1273 1383 1335 1444 du-

256 1469 372 1534 bitavi
389 1473 582 1556 rationibus.
637 1471 749 1536 Possis
772 1475 860 1536 enirn
881 1495 951 1535 earn
971 1483 1107 1534 matrem
1127 1469 1203 1534 Jesu
1226 1469 1335 1554 ipsam

257 1555 393 1634 habere,
415 1577 494 1643 quae
516 1555 740 1644 splendorem,
765 1581 828 1646 quo
852 1557 1044 1639 dignissima
1067 1569 1131 1632 est,
1152 1575 1335 1642 quanquam

226 1689 227 1700 .
258 1639 296 1706 in
315 1641 393 1706 'v'ita
421 1664 491 1705 non
519 1665 577 1706 usa
606 1657 886 1722 erat,..su1umum
906 1645 960 1706 bic
991 1647 1031 1706 ob
1051 1641 1207 1706 Messinm
1228 1641 1336 1704 filium

259 1725 420 1803 induerit3
443 1729 591 1816 quodque
613 1751 647 1793 se
669 1733 710 1793 ob
733 1731 967 1794 Satanae—iram
987 1729 1025 1794 in
1046 1727 1172 1792 deserto
1192 1709 1254 1814 p⁸er
1275 1747 1333 1788 an-

259 1834 322 1876 nos
349 1813 477 1899 aliquot
501 1816 678 1878 occuluisse
700 1837 733 1878 v.
755 1822 787 1885 6.
812 1823 862 1886 14.
883 1816 1039 1902 traditur,
1062 1807 1176 1893 efuga
1196 1809 1335 1896 Josephi

138 1903 140 1910 ’
184 1929 186 1934 ’
260 1893 503 1983 inAegyptum
524 1899 666 1978 litatae,
690 1905 740 1972 14.
762 1900 908 1963 derivare
928 1900 1049 1988 possis..
1099 1897 1162 1978 Sed
1186 1897 1336 1958 Satanam

262 1983 370 2046 credas
396 1995 505 2048 tamen
525 1981 629 2084 majus
651 1986 728 2076 quid
747 1997 949 2072 persecutum
970 2005 1040 2048 esse
1062 2005 1156 2072 quani
1176 1983 1335 2064 singulam

260 2070 359 2132 istam
380 2065 574 2148 foeminam,
601 2093 680 2159 quae
702 2073 836 2135 omnino
859 2073 916 2134 tali
928 2073 1071 2158 picturae
1084 2079 1235 2150 angustae
1254 2069 1336 2128 ima·
1384 2131 1385 2140 ,

262 2156 334 2236 'gini
367 2153 454 2216 haud
487 2157 631 2219 sufficere
663 2157 803 2220 videtur.
865 2155 976 2245 Itaque
1006 2155 1093 2220 haud
1126 2153 1336 2216 dubitandum
1384 2175 1385 2188 ¹

263 2242 344 2327 quin
373 2249 481 2303 vates·
500 2240 680 2304 ecclesiam
710 2239 948 2305 Israeliticam
980 2241 1193 2305 intellexerit.
1258 2237 1347 2301 Cum*
1384 2259 1385 2316 t

264 2327 354 2389 enim
372 2324 527 2389 Hebraeis
544 2319 612 2423 jam
628 2326 863 2414 antiquioribus
883 2339 1000 2390 terram
1020 2329 1178 2414 populum
1199 2345 1241 2387 ue
1255 2319 1337 2410 foe-
1384 2323 1385 2360 ³

263 2409 383 2473 minue
411 2412 553 2492 imagine
583 2413 723 2492 cogitare
746 2423 873 2476 suetum
895 2413 940 2476 sit
961 2408 1018 2494 (cf.
1040 2349 1286 2494 grammthbr.
1306 2430 1339 2494 p.
1384 2457 1385 2484 ,

265 2505 331 2566 302
352 2491 454 2582 sqq),
488 2497 657 2568 rateshic
675 2496 894 2562 Israelitarum
914 2492 1092 2586 populuni,
1125 2519 1143 2561 e
1186 2519 1229 2558 uo
1248 2493 1340 2556 Mes-

267 2582 460 2643 sias-ortum
481 2580 588 2658 ducit,
606 2604 645 2646 eo
667 2579 795 2645 facilius
816 2584 957 2665 imagine
973 2583 1140 2646 invitante
1161 2519 1339 2647 dieminam
1384 2593 1385 2666 ᾗ

264 2664 442 2751 depingere
462 2677 599 2754 poterat.
647 2665 752 2756 thue
772 2671 906 2732 omnino
929 2682 1035 2732 vatem
1055 2667 1213 2756 populum
1233 2665 1342 2730 Israe-

267 2752 401 2816 litarum
422 2751 460 2839 (i.
480 2773 509 2815 e.
531 2764 637 2814 totum
656 2765 847 2840 spectatum,
870 2777 1050 2844 quanquam
1067 2755 1244 2818 nonnullos
1270 2772 1343 2814 suae
1384 2775 1385 2810 t

267 2838 382 2899 aetatis
403 2859 472 2900 non
493 2835 694 2924 probaverit)
716 2852 860 2904 sanctum
882 2843 1000 2906 habere
1020 2839 1217 2928 plurimique
1238 2833 1344 2900 facere
1384 2855 1385 2864 ¹

267 2925 397 3008 saepius
425 2918 610 3010 (cf.p.28.
633 2931 704 2996 163.
728 2922 802 3011 etc.)
832 2927 994 3005 vidimus,
1022 2929 1069 2988 ita
1095 2927 1150 2988 hic
1178 2924 1343 3010 imprimis
1384 2981 1385 2984 ,

215 3033 217 3041 ’
270 3006 570 3093 splendidissimam
597 3003 667 3106 ejus
696 3011 871 3092 imaginem
898 3013 1067 3088 describit,
1112 3011 1233 3098 quippe
1266 3030 1344 3109 quac
1384 2999 1385 3058 1

236 3129 237 3136 .
270 3113 348 3173 gens
369 3091 435 3189 jam
456 3097 497 3156 ob
520 3096 628 3180 ipsum
645 3094 797 3159 Messinm
819 3121 862 3162 ex
889 3119 926 3160 ea
945 3109 1118 3184 pronatum
1139 3094 1346 3158 venerationi
1384 3123 1385 3182 q

268 3199 412 3242 surnmae
433 3181 579 3245 habenda
600 3181 645 3244 sit
665 3182 866 3272 gloriamque
880 3183 1024 3274 induerit
1037 3203 1204 3267 summam.
1234 3177 1346 3263 Quare
1384 3183 1385 3260 1

307 3321 337 3384 1)
364 3323 486 3374 narratio
504 3319 573 3372 haec
591 3323 679 3389 igitur
698 3320 820 3389 eiusdem
839 3321 899 3378 fere
916 3331 957 3376 est
973 3321 1104 3380 indolis..
1117 3321 1233 3390 ¹qualem
1250 3319 1347 3388 plures
1384 3341 1385 3376 t

339 3393 433 3448 serius
455 3409 471 3442 a
495 3387 608 3444 'Judaeis
633 3389 714 3444 fictae
738 3399 858 3460 spirant,
884 3391 984 3447 relat‘aa
1009 3411 1057 3448 eae
1082 3395 1264 3458 expertein
1285 3389 1348 3442 Tal-
1384 3391 1385 3402 ¹

342 3461 426 3513 raude
453 3467 565 3514 nomine
583 3461 724 3532 Agadotb.
769 3463 920 3534 simileque
938 3463 1103 3517 omninode
1122 3461 1222 3516 Sataua
1246 3461 1349 3514 Mosen
1384 3511 1385 3516 ,

343 3543 372 3608 ep
402 3531 570 3584 Michaelem
593 3531 742 3588 infestante
775 3549 961 3589 commentum
990 3539 1064 3588 circa
1092 3534 1198 3587 Christi
1222 3541 1348 3598 tempora
1384 3585 1385 3596 γ

344 3613 441 3654 natum
460 3596 550 3672 tarigit
567 3604 631 3656 tua.
649 3621 693 3671 ep.
711 3623 738 3659 v.
757 3613 783 3666 9·
802 3606 838 3660 cs.
857 3609 1034 3676 Eisenr'nerrg.
1053 3605 1185 3660 Judenth·
1204 3605 1227 3656 1.
1245 3619 1278 3671 p·
1290 3605 1348 3662 851(
1384 3621 1385 3626 ’

263 3723 265 3732 ,
345 3673 379 3726 de
406 3677 461 3742 vita
485 3685 513 3726 ct
536 3687 627 3727 morte
644 3676 732 3730 Masis
749 3676 815 3730 libri
831 3683 858 3736 3.
881 3695 945 3730 cum
963 3677 1072 3730 observ.
1090 3676 1126 3731 G.
1144 3675 1294 3728 Gaulmini
1311 3671 1349 3724 ed.
1384 3667 1385 3682 ¹

336 3745 371 3811 ¹J.
393 3743 428 3798 A.
448 3743 599 3796 Fabricius.
625 3745 745 3815 Hambg·
762 3754 843 3808 1711.
879 3749 985 3802 Fabric.
1002 3749 1061 3800 cod.
1078 3764 1120 3816 ps.
1137 3749 1175 3800 V·
1189 3747 1224 3798 T.
1243 3763 1274 3812 p.
1289 3747 1349 3806 ets·
1384 3723 1385 3778 i

343 3814 561 3882 Pseudojonath.
585 3816 677 3886 tharg.
704 3823 735 3870 iu
759 3819 841 3874 Dent.
866 3827 909 3880 31.
934 3827 961 3879 6.
1016 3819 1087 3872 Cum
1113 3822 1187 3872 enim
1206 3821 1302 3869 serius
1319 3813 1348 3865 de
1384 3813 1385 3854 l

343 3885 449 3940 Sataua'
466 3889 617 3956 multisque
636 3889 743 3956 augelis
760 3893 840 3942 malis
858 3891 993 3959 bonisque
1018 3893 1115 3958 opinio
1132 3889 1256 3942 Judaeos
1275 3899 1349 3938 teuc·
1384 3903 1385 3964 q

250 3957 266 3982 ⁰²
343 3969 399 4021 ret,
430 3957 531 4024 quidni
556 3963 592 4015 iis
616 3959 828 4030 mythologiaru'
849 3967 929 4030 quasi
953 3964 1006 4028 iam
1034 3962 1172 4014 conditam
1198 3959 1234 4010 ad
1252 3961 1349 4024 poesin
1384 3995 1385 4022 .

343 4027 497 4082 transferre
520 4029 625 4081 licuit?
653 4031 753 4097 quidni
778 4031 862 4099 probi
885 4031 1009 4102 bonique
1035 4049 1100 4084 cum
1125 4031 1192 4084 unali
1218 4029 1349 4097 principii
1384 4029 1385 4070 1

346 4103 488 4160 certamen
503 4098 663 4156 fladonibus
681 4101 764 4168 buius
783 4107 894 4172 generis
914 4105 1115 4174 mythologioir
1134 4102 1311 4170 depingere?
