2802 4684
165 262 174 280 ’
240 303 282 376 11.
308 249 487 414 visiones„
515 303 576 374 111.
600 267 632 385 a.
659 303 701 374 Β.
721 313 755 414 3.
793 303 880 398 cap.
907 309 966 392 15,
990 312 1025 383 1.
1045 381 1050 392 x
1070 312 1157 386 -251
1226 359 1228 364 .
1304 323 1306 328 ·

84 485 159 552 fere
179 467 252 550 asad
271 483 488 566 longitudinis
520 483 577 562 (cf.
591 454 774 572 Ligbtfoot
802 487 841 554 ad
862 488 897 548 h.
918 487 942 548 l.
970 481 1162 570 Hieronym.

86 575 187 733 {pize
202 571 241 745 {id
253 570 396 740 gapdprp
410 570 651 638 Rosenmiilleri
669 574 828 648 biblische
847 570 1163 734 Alterthurnskuirde

176 841 208 903 3.
231 829 266 894 Gt
284 835 338 902 15·
360 837 412 902 16.
454 829 518 894 Nec
538 831 649 910 mora3
677 830 766 902 adest
788 843 821 894 et
840 828 963 911 ingruit
989 827 1069 916 ipsa«
1084 830 1163 896 vin-
1227 895 1231 901 .

91 913 202 979 dictae
219 915 351 994 ultimae
373 917 410 978 ab
442 916 620 1002 impiorum
641 920 734 1004 copia
751 917 942 1002 repetendae
963 915 1066 978 diest
1093 915 1165 980 Irn-

45 1002 49 1008 ’
117 1003 224 1064 iorum
245 1015 329 1065 terra
351 1001 521 1080 vastandas
547 1023 683 1083 regnum
711 1001 953 1080 destruendum,
986 999 1068 1064 Urbs
1091 1003 1164 1090 ipsa
1244 1015 1245 1020 ’

91 1021 242 1150 innatus
274 1086 446 1151 evertenda
472 1098 533 1150 est.
584 1081 687 1182 ¹Cujus
717 1108 840 1172 poenae
868 1089 956 1149 varia
984 1107 1101 1173 eaque,
1135 1090 1190 1151 six
1236 1125 1238 1130 ,
1277 1088 1285 1107 ⁶

65 1209 67 1214 ·
94 1194 168 1234 cum
197 1173 310 1236 Satana
336 1169 513 1258 bestiisque
540 1171 660 1234 duabus
686 1193 742 1235 seu
769 1175 872 1234 tribus
887 1171 962 1234 “iltis
983 1172 1164 1257 impietatis
1246 1175 1264 1184 ”
1332 1203 1337 1210 ·

93 1257 333 1343 impiorumque
353 1259 533 1320 auctoribus
553 1257 687 1320 summis
707 1254 749 1347 (c.
769 1267 820 1327 12.
844 1255 897 1340 13)
921 1258 1166 1337 contenduntur,

94 1345 224 1409 minora
245 1343 352 1420 uinaria
379 1343 567 1422 attingentis
594 1355 701 1429 partes
726 1343 877 1423 singulas·
897 1364 969 1420 cum
988 1363 1056 1406 non
1077 1343 1169 1408 Mes-

92 1421 181 1505 sias,
211 1427 274 1490 sedx
297 1429 420 1508 angelis
437 1425 518 1524 ejus
545 1427 765 1514 exsequendas
786 1427 910 1490 tradere
930 1449 989 1516 par
1008 1429 1168 1508 videatur,
1259 1463 1262 1478 r

94 1525 189 1576 vates
206 1515 336 1598 'septem
355 1535 401 1574 aa
430 1509 498 1576 eloe
525 1514 579 1577 hic
598 1514 722 1576 inducit
743 1514 858 1575 divino
879 1505 970 1605 jussu
990 1515 1167 1579 vindictam

96 1599 182 1662 hanc
202 1599 350 1660 ultimam
370 1533 555 1662 eldlcientes.
597 1599 658 1680 Hi⁵
672 1611 797 1683 septem
825 1597 964 1685 denique
991 1601 1169 1685 impiorum

94 1704 254 1770 poenam,
286 1704 380 1768 quam
400 1681 494 1746 irater
514 1691 644 1768 septem
672 1685 781 1764 sigilla
804 1685 986 1748 minitatum
1010 1697 1043 1748 et
1071 1707 1167 1772 prae·-
1196 1745 1201 1756 ,

93 1781 259 1855 paratam,
286 1771 433 1854 interque
454 1776 583 1853 septem
603 1770 736 1850 angelos
763 1769 849 1832 tubis
876 1781 1025 1832 canentes
1052 1771 1167 1857 incep-
1250 1827 1251 1836 ,

93 1867 165 1918 tam
191 1853 349 1929 vidimus,
376 1867 479 1916 totam
506 1853 678 1938 perficiunt
705 1856 902 1940 finiantque3
937 1855 1022 1918 unde
1055 1857 1166 1942 plagas

94 1952 241 2025 septem,
273 1941 386 2024 quibus
414 1940 463 2001 ira
491 1932 623 2022 (poena)
651 1939 705 2003 dei
731 1943 930 2026 perficiatur,
960 1935 1167 2035 justitiaeque
1281 2003 1285 2015 .

94 2028 203 2088 laesae
224 2025 413 2110 plenissime
435 2019 589 2104 satisfiat,
620 2023 766 2090 ultimos
787 2038 896 2090 tenere
914 2026 1062 2090 dicuntur
1079 2049 1112 2091 v.
1136 2041 1167 2099 1.
1227 2027 1231 2042 ⁸

52 2173 55 2180 ,
93 2105 209 2199 Neque
228 2112 287 2172 hac
306 2121 438 2190 tantum,
451 2111 578 2172 ratione
597 2123 722 2196 septem
751 2113 812 2174 hae
838 2113 971 2176 ultimae
993 2114 1105 2198 plagae
1129 2114 1169 2179 ad

95 2211 225 2284 septem
245 2195 409 2258 visionum
428 2216 550 2258 nexum
569 2198 711 2280 primum
743 2220 769 2260 c.
790 2204 822 2267 6.
851 2209 884 2260 et
908 2199 1060 2262 alterum-
1074 2201 1171 2262 simi·
1239 2241 1254 2278 χ

95 2285 219 2346 liorem
239 2282 337 2344 etiam
358 2303 384 2342 c.
398 2291 430 2350 8.
448 2289 480 2354 9.
503 2291 538 2355 se
559 2278 712 2358 referunt,
734 2293 770 2344 ut
790 2287 897 2346 'vatem
919 2284 955 2346 in
974 2293 1022 2348 ter
1044 2290 1170 2371 septem

96 2367 283 2435 visionibus
322 2367 464 2430 invicem
491 2367 588 2429 nexis
617 2365 741 2454 sibique
771 2368 1041 2454 respondentibus
1074 2391 1172 2451 argu·
1236 2407 1238 2414 ι
1266 2403 1289 2414 =·

45 2513 54 2534 ·„
95 2467 246 2520 mentum
267 2453 343 2514 libri
364 2450 594 2533 gravissimum
620 2454 826 2538 complexum
854 2475 926 2518 esse
955 2454 1083 2534 videas,
1114 2457 1191 2520 sed*

97 2537 244 2626 insigne
264 2538 361 2615 etiam
379 2538 503 2613 simile,
532 2560 593 2624 quo
625 2548 749 2624 septem
780 2539 818 2600 hi
839 2540 946 2622 angeli
967 2540 1172 2623 distinguan-

97 2637 173 2700 tur,
201 2633 312 2708 aptum
334 2625 564 2709 circumspexit
593 2626 677 2686 vatis
697 2625 875 2705 ingenium.
925 2623 1005 2689 Cum
1036 2630 1123 2692 enim
1152 2649 1171 2691 a

98 2711 238 2775 vatibus.
251 2709 399 2795 pristinis
420 2709 497 2770 deus
517 2710 656 2794 puniens
676 2714 795 2794 partim
817 2711 978 2796 poculum
1001 2714 1080 2776 vino
1102 2709 1172 2775 fer-

98 2795 182 2859 vido
206 2795 373 2881 impletum
390 2793 600 2879 ebriandoet
619 2796 761 2858 necando
783 2796 956 2875 bibendum
976 2796 1100 2877 tradere
1114 2794 1171 2876 (cf.
1194 2803 1199 2827 ⁷

100 2881 147 2944 ad·
168 2883 226 2956 14,
248 2892 269 2949 8
287 2873 388 2962 not),
409 2881 528 2966 partim
548 2878 641 2942 iram
662 2877 828 2966 (poenam)
858 2891 894 2942 ut
921 2901 1014 2944 aurae
1035 2880 1173 2968 pestife-

98 2987 158 3030 rae
182 2965 322 3026 halitum
343 2976 375 3026 et
395 2978 517 3028 aestum
542 2965 579 3026 in
606 2967 717 3029 urbem
743 2964 955 3028 excidendam
979 2965 1173 3053 plenissimo

101 3052 232 3132 gurgite
260 3050 436 3116 inundante
465 3049 627 3112 effundere
656 3048 713 3129 (cf.
742 3050 799 3119 ΕΖ.
821 3061 859 3132 9,
878 3063 911 3121 8.
933 3060 971 3128 7,
992 3064 1024 3123 8.
1049 3061 1098 3131 111,
1121 3067 1172 3129 19.

100 3149 158 3212 22,
179 3146 233 3206 31·
254 3141 307 3209 36,
329 3147 378 3205 18.
402 3134 483 3198 Hos.
504 3144 543 3212 5,
565 3145 615 3208 10.
636 3134 700 3198 Jer.
719 3143 769 3213 14,
791 3133 845 3220 16)
867 3136 1009 3214 dicatur,
1042 3141 1091 3203 ira
1118 3139 1173 3204 dei

103 3219 235 3283 fervida
265 3240 320 3282 seu
348 3242 453 3306 poena
480 3222 558 3282 haec
589 3221 737 3291 ultimae
757 3224 880 3308 phialis
903 3235 1028 3308 septem
1047 3227 1084 3289 in
1104 3238 1174 3288 ter-

107 3329 179 3382 ram
200 3303 390 3375 effundenda
410 3307 495 3369 inter
514 3307 646 3388 angelos
671 3309 734 3370 hos
757 3319 881 3394 septem
911 3311 1087 3396 aequaliter
1118 3313 1173 3375 dt-
1198 3345 1216 3364 ·x

65 3467 71 3474 ’
143 3474 179 3543 1)
205 3472 237 3529 Si
254 3475 395 3543 quomodo
419 3487 495 3529 rates
509 3477 531 3530 'e
548 3476 723 3530 Palaestinae
741 3477 843 3532 finibus
861 3490 951 3533 terrae
967 3484 996 3534 in
1015 3499 1070 3549 qua
1088 3485 1177 3537 Roma

177 3546 345 3606 devincenda
364 3551 413 3606 sit,
445 3547 538 3602 ltaliae
556 3553 656 3617 igitur,
685 3551 761 3620 quod
778 3552 900 3620 videtur,
928 3557 1047 3620 spatium
1066 3559 1190 3608 entetiri'

100 3615 111 3662 ἴ
177 3621 300 3685 potnerit
316 3623 650 3688 qtraeritar‚interpretes
670 3633 758 3674 vatem
776 3623 804 3674 id
814 3625 837 3675 ex
848 3623 950 3676 Judaea
968 3642 1052 3692 ‹puarrr
1071 3631 1175 3692 optime
1201 3671 1205 3681 .
1243 3683 1245 3692 ,

178 3693 253 3741 norit
276 3689 310 3742 ad
336 3691 442 3742 ltaliam
459 3691 614 3744 traduxisse
632 3705 743 3758 putant,
771 3695 801 3746 id
818 3695 893 3761 quod
912 3708 939 3746 et
955 3699 1016 3761 ipse
1035 3713 1062 3763 p.
1074 3703 1117 3757 35.
1136 3702 1175 3750 ita

179 3764 271 3812 statui.
318 3757 372 3814 Sed
392 3765 416 3812 si
433 3773 522 3814 vatem
539 3761 743 3816 Antichristum
760 3771 790 3817 in
807 3771 867 3835 ipsa
883 3765 1036 3818 Palaestina
1054 3781 1178 3821 moratu-
1219 3793 1222 3798 ·

178 3847 242 3882 rum
260 3847 320 3896 esse
336 3843 363 3884 et
380 3837 484 3886 victum
501 3837 538 3886 iri
555 3845 666 3902 putasse
684 3835 733 3898 (cl.
751 3853 778 3902 p.
794 3845 848 3896 202
864 3849 906 3905 sq.
925 3839 997 3890 dicta
1012 3851 1039 3891 et
1054 3837 1176 3894 Lactant-

178 3907 242 3957 inst.
266 3904 384 3969 7‚19-)
412 3915 552 3968 tenemus,
586 3907 773 3974 Messiamque
801 3926 859 3960 non
886 3909 951 3970 alta,
967 3915 1023 3962 nisi
1046 3914 1077 3962 in
1103 3923 1176 3963 terra

180 3985 274 4026 sancta
292 3981 481 4040 appariturum
500 3982 653 4041 exspectari
671 3992 850 4044 reputamus,
876 3985 1011 4034 sententia
1028 3983 1117 4034 rutrlto
1136 3993 1179 4035 est

179 4046 294 4111 planior
307 4063 358 4098 uec
377 4047 510 4115 estquod
532 4047 566 4100 ad
583 4053 706 4116 argutias
723 4052 785 4102 illas
803 4041 1008 4118 confugiamus.
1043 4054 1178 4122 Patetque

181 4119 263 4168 etiam
301 4134 337 4168 ex
360 4117 423 4183 his,
463 4117 552 4168 urbana
580 4117 633 4169 hoc
662 4137 744 4172 versu
771 4133 947 4175 trietuoratam
971 4123 1179 4192 Hierosolymis

181 4203 259 4253 esse,
283 4189 362 4254 culus
386 4189 498 4258 quidem
524 4195 629 4244 rrreutto
655 4191 701 4245 hie
719 4199 845 4247 satis'est
862 4205 934 4262 apta.
