2840 4690
208 283 259 363 72
353 345 355 355 Α
413 268 472 352 De
492 263 645 338 'auctore
662 256 752 338 libri
772 266 907 338 indicia
929 267 1084 353 iuterna.

103 446 105 464 '
213 453 313 538 qualis
343 473 403 538 per
432 450 535 540 totam
557 448 626 520 lere
650 447 861 536 apocalypsin
881 447 1074 536 'conspicuus
1096 459 1161 530 est,
1194 472 1292 516 com-

212 557 396 646 paraverit3
434 571 470 622 ut
501 566 631 620 tantum
664 553 840 620 discrimen
865 575 934 618 ιιοιι
962 554 1002 618 ab
1023 566 1214 639 argumento
1236 555 1289 624 di-

149 740 150 746 ,
213 683 345 740 verso,
353 651 460 747 nessae
480 652 520 724 ab
542 669 641 722 aetate
663 655 799 734 fortasse
819 647 1165 745 scriptorisdiversa,
1169 661 1223 725 sed
1245 661 1288 726 ab
1300 664 1309 741 j

104 835 130 852 st
213 767 286 854 ipso
315 764 445 842 diverso
475 763 673 854 scriptorum
700 762 865 852 iugenio
851 774 894 828 et
921 757 1033 832 habitu
1040 749 1243 908 pendere
1232 787 1289 831 ι-ιι

213 867 340 956 telligat
415 944 428 971 ,u
453 871 455 888 '
505 942 509 950 ¹

298 1035 431 1127 Igitur
435 1061 511 1108 cum
540 1051 591 1106 tot
614 1051 785 1128 tantaque,
804 1057 894 1124 'quae
922 1040 1098 1130 coalescere
1118 1005 1290 1134 ιιιιιιιιιιιιιιι

164 1209 165 1212 ,
214 1129 386 1232 poterunt,
410 1145 594 1214 discrimina
612 1146 697 1210 inter
721 1155 857 1229 utraque
871 1165 970 1230 opera
984 1144 1080 1210 obvia
1099 1147 1180 1234 sint,
1200 1145 1290 1212 haud

118 1284 144 1332 ,x
217 1249 432 1318 dubitandum
453 1251 548 1338 quin,
569 1251 651 1316 sicut
671 1232 824 1338 epistolae
848 1247 952 1311 eidem
972 1269 1107 1334 prorsus
1120 1253 1290 1338 *evangelii

217 1355 341 1421 auctori
362 1355 551 1424 tribuendae
561 1351 664 1434 sunt,
683 1355 728 1420 ita
749 1353 951 1444 apocalypsis
973 1353 1138 1420 atliverso
1151 1379 1290 1443 prorsus

127 1465 136 1489 ¹
217 1457 337 1548 scripta
357 1461 407 1525 sit.
464 1459 555 1548 Quae
576 1460 664 1525 e'nim
687 1458 805 1538 critici,
832 1459 918 1541 justo
940 1459 1049 1527 minus
1071 1481 1292 1547 permagnum

216 1565 294 1630 illud
310 1565 488 1658 discrimen
512 1567 740 1652 perspicientes
762 1577 793 1628 et
820 1563 1055 1651 ponderantes,
1086 1563 1124 1626 ad
1144 1553 1185 1630 idv
1203 1565 1296 1664 quod·
1330 1565 1343 1660 ἰ
1418 1638 1419 1647 χ

218 1672 329 1764 negari
348 1683 424 1740 uon
435 1684 581 1763 poterat
608 1683 663 1736 aut
683 1667 861 1760 tollendum
884 1681 939 1734 aut
962 1673 1182 1739 excusandum
1203 1683 1294 1735 attu—
1299 1661 1303 1672 ’

169 1835 173 1840 ,
217 1776 327 1842 lerunt
347 1779 402 1862 1),
425 1801 461 1842 ea
483 1800 560 1842 saue
580 1757 666 1842 haud
687 1753 851 1840 sufficere
856 1763 949 1839 facile
969 1775 1179 1862 intelligitur.
1207 1777 1294 1842 Sunt

218 1901 275 1966 qur
266 1881 330 1945 ad
352 1895 581 1974 argumentum
602 1883 767 1948 diversum
781 1891 984 1972 provocent,
1004 1881 1094 1966 qua'si
1113 1903 1195 1969 opus
1209 1904 1293 1968 poe-

217 1985 338 2065 ticum,
355 1989 464 2072 1quale
499 1985 708 2078 apocalypsin
736 1996 871 2074 putant,
897 1983 1011 2050 'forma
1037 1987 1139 2064 multo
1158 1985 1294 2076 [diversa

48 2143 61 2190 ¹,
103 2139 105 2148 ι
200 2091 421 2198 ¹induendum
453 2093 564 2160 fuisset
592 2106 688 2180 atque
706 2080 920 2176 evangelium
951 2102 982 2156 et
1009 2087 1202 2196 epistolae.
1227 2093 1292 2158 Sed

196 2189 365 2284 primum
396 2210 450 2262 aut
480 2199 620 2286 plurima
639 2209 703 2262 aut
728 2198 836 2262 omnia
858 2217 938 2282 quae
963 2218 1062 2282 supra
1083 2197 1294 2306 exposuimus

188 2295 190 2300 ’
220 2299 406 2368 discrimina
428 2303 472 2368 31)
489 2295 680 2420 argumento
703 2320 838 2386 prorsus
860 2321 928 2364 non
949 2301 1095 2388 pendent
1116 2315 1148 2367 et
1169 2303 1295 2368 mirum

165 2405 185 2488 ¹·
219 2405 368 2496 profecto
391 2417 547 2487 statuunt,
564 2406 631 2494 -qui
652 2404 851 2492 Apostolum
871 2406 1053 2470 sedulo
1042 2431 1077 2472 ru
1105 2411 1295 2496 apocalypsi

219 2511 392 2576 hebraeam
419 2512 593 2577 dictionem
619 2511 780 2577 imitatum
808 2511 879 2574 esse
905 2523 1037 2598 putant,
1073 2535 1136 2598 quo
1158 2515 1295 2579 similior

220 2617 390 2708 prophetis
420 2617 513 2683 fieret
539 2617 680 2683 vetustis.
739 2615 869 2680 Deinde
887 2639 984 2696 vere,
1016 2617 1102 2704 quod
1125 2631 1222 2706 caput
1245 2620 1295 2685 rei

127 2805 131 2810 .
221 2733 284 2804 est,
313 2731 542 2808 argumentum
569 2724 628 2788 tale
653 2719 740 2808 apud
768 2719 852 2784 illius
870 2722 981 2786 aetatis
1002 2724 1176 2824 scriptores
1203 2746 1295 2788 nun-

126 2911 128 2915 ,
211 2848 319 2912 rquam
341 2825 507 2892 diuersum
526 2849 660 2926 prorsus
682 2825 852 2892 scribendi
849 2813 1124 2914 genusinduxit.
1158 2829 1296 2894 Sienim

179 3011 181 3016 Ι
222 2932 333 2996 omnia
346 2919 456 3026 hujus
487 2933 613 3020 generis
646 2955 762 3019 opera,
794 2945 831 2996 ut
859 2933 1046 3016 Danielem,
1075 2933 1295 3018 Henoch'um,

173 3068 180 3077 ⁷
221 3017 471 3120 Pseudoesram,
501 3038 777 3130 Pseudojesaiam
821 3059 1063 3146 comparamus,
1108 3061 1296 3105 sermonem

222 3125 417 3230 quamquam
440 3165 676 3230 nonnunquam
697 3137 874 3230 prophetar
877 3165 934 3206 um
953 3123 1161 3229 antiquorum
1184 3148 1296 3232 paral-

221 3245 382 3313 lelismum
409 3251 575 3336 poeticum
604 3247 659 3328 (ef.
680 3271 715 3312 va
736 3270 763 3312 c
789 3247 857 3336 Ap
873 3253 979 3326 4,11.
1002 3257 1223 3356 9‚6.18‚5.
1246 3255 1293 3337 6.)

220 3349 429 3462 imitantem,
456 3367 489 3419 at
514 3376 687 3474 nunquam
712 3353 805 3418 solito
835 3353 1054 3435 comtiorem,
1079 3355 1294 3422 concisiorem
1345 3425 1350 3432 ,

162 3473 170 3481 ·
220 3451 320 3519 vel
299 3451 496 3544 asperiorem
523 3459 727 3539 invenimus3
757 3461 894 3559 satisque
918 3459 1101 3525 auctoribus
1124 3445 1294 3526 ι11131ιιιιιι·

220 3556 363 3651 visiones
391 3575 424 3626 et
446 3563 581 3647 cogitata
603 3586 659 3626 sua
680 3565 795 3650 quovis
818 3567 943 3652 linguae
964 3563 1075 3630 habitu
1097 3568 1294 3652 exprimere,

222 3677 259 3732 ut
279 3666 447 3753 poeticum
467 3689 653 3751 sermonem
674 3689 841 3755 nunquam
862 3668 1022 3735 affectent.
1063 3669 1190 3773 Quodsi
1208 3671 1294 3753 aliud

221 3769 452 3859 apocalypseos
483 3773 621 3838 auctoris
637 3795 729 3915 opus
757 3773 876 3840 diversi
898 3776 1081 3864 argumenti
1101 3790 1294 3886 superesset,

258 3971 290 4040 1)
308 3982 338 4024 ut
354 3954 427 4054 iuter
445 3973 516 4027 alios
534 3975 571 4027 H.
588 3975 625 4030 H.
642 3977 676 4032 D.
695 3976 846 4032 Curtius
871 3991 945 4044 spec.
963 3927 998 4029 ue
1015 3978 1177 4046 apocalypsi
1194 3977 1255 4030 ab
1247 3999 1302 4040 111-⁸

294 4063 359 4117 dole
384 4065 517 4118 doctriua,
534 4076 561 4116 et
585 4064 725 4120 scribendi
753 4083 854 4136 genere
879 4066 1012 4122 Johauuis
1029 4071 1152 4138 apostoli
1169 4061 1228 4124 uois
1246 4057 1302 4124 abl

115 4223 119 4230 .
178 4125 180 4130 ,
292 4149 427 4236 horrente
441 4155 535 4262 (Dau-
553 4161 650 4224 11911)
667 4164 852 4228 nsua-176·
