2802 4684
142 281 147 290 ’
181 400 185 406 μ
248 307 324 378 tat
374 295 418 370 Π.
442 293 618 367 Visiones.
652 237 766 378 inse.
787 291 843 364 Α
864 319 895 366 a.
912 310 947 378 2·
967 299 1054 396 cap.
1078 313 1137 393 13,
1165 315 1196 382 1.

191 495 195 500 '
269 503 329 546 uas
349 477 485 561 flagitiis
512 477 661 553 omnibus
682 475 823 566 odioque
843 473 1103 548 Christiasiorum
1123 477 1246 579 injusto
1269 485 1333 550 in-

247 505 344 632 iamis
380 566 548 650 omnisque
576 564 755 650 impietatis
784 563 875 627 sedes
897 581 953 646 ,est
987 566 1043 656 (cf.
1076 594 1103 633 c.
1127 583 1178 640 17·
1199 568 1269 657 18.)
1297 586 1335 636 et

246 653 498 740 Imperatoribus
518 650 680 734 prioribus
701 647 858 726 Romanis
878 663 945 716 tam
977 667 1061 718 arcte
1091 655 1257 734 cohaeret,
1292 671 1335 720 ut

246 741 353 804 bellua
387 737 466 798 haec
500 747 701 811 monstrosa,
743 735 905 802 Neronem
941 743 1147 824 potissimum
1179 745 1349 824 signans,-

147 821 152 834 ’
244 838 455 908 utrorumque
478 832 605 904 tainen,
637 831 669 883 et
690 818 814 883 Romae
836 846 908 891 cum
926 823 1178 912 Imperatoribus
1200 839 1234 890 et
1255 823 1334 890 Ne-

245 911 338 974 ronis
359 907 500 988 insignia
520 902 602 968 ferat
622 927 681 968 nec
702 907 770 970 uisi
792 908 895 982 serius
914 913 970 974 ubi
991 911 1031 972 ad
1052 911 1197 992 singulos
1219 917 1332 998 puni-

245 995 347 1062 endos
375 991 563 1078 pervenitur
593 1013 621 1052 c.
644 997 780 1066 16-19.
803 995 975 1082 omniaque
996 999 1124 1060 uberius
1145 1009 1177 1060 et
1198 995 1333 1061 diluci-

245 1083 319 1146 dius
348 1079 568 1166 explicantur,
601 1074 683 1140 Urbs
712 1097 731 1138 a
762 1075 890 1142 Nerone
918 1083 1048 1163 singulo
1071 1081 1245 1146 dilucidius
1271 1085 1333 1146 di-

244 1169 435 1246 stinguatur.
499 1161 647 1230 Belluam
678 1161 779 1242 igitur
807 1164 1005 1247 potentiam
1036 1166 1333 1256 impietatemque

246 1251 464 1321 Romanam,
500 1259 532 1310 et
552 1249 650 1312 Urbis
673 1259 707 1310 et
726 1246 776 1310 Im
800 1260 978 1326 eratorum,
1009 1264 1122 1315 notare
1143 1252 1251 1328 dices,
1291 1253 1331 1316 id

62 1416 66 1425 Ι
246 1335 334 1424 quod
356 1343 407 1412 17,
426 1344 458 1404 3.
496 1335 713 1396 confirmatur.
770 1270 798 1394 f
811 1355 908 1419 seque
929 1333 1055 1420 trium,
1092 1359 1171 1426 quae
1198 1337 1332 1424 depin-

68 1473 73 1484 .
146 1427 149 1432 '
245 1420 348 1504 genda
376 1428 484 1494 eraut,
515 1430 736 1482 monstrorum
802 1423 904 1484 eseiae
935 1423 1143 1486 inimieorum
1167 1439 1331 1485 nutrierus

243 1513 330 1572 'sacer
359 1515 396 1566 ut
422 1505 477 1565 hie
504 1505 613 1566 omnis
641 1501 680 1565 ad
704 1501 842 1582 Romam
863 1507 1060 1592 pertinentia
1087 1531 1150 1572 una
1176 1509 1331 1590 imagine

245 1588 557 1678 comprehendantur
575 1589 756 1678 postulasse
776 1589 914 1654 videtur.

328 1728 444 1792 Bellua
465 1749 483 1792 e
508 1725 602 1790 mori
625 1723 794 1790 ascendere
822 1725 958 1805 dictur,
993 1727 1076 1791 sicut
1096 1723 1161 1826 jam
1181 1727 1270 1791 Dan.
1294 1737 1327 1804 7,

242 1817 419 1886 sebelinis
440 1826 577 1900 quatuor
598 1814 722 1876 similes
745 1834 788 1877 ex
809 1815 925 1893 abysso
947 1815 1062 1892 maris,
1085 1816 1201 1902 inquo
1221 1837 1326 1878 mon-

243 1914 310 1965 stra
351 1895 513 1998 ejusmodi
554 1900 677 1962 versari
716 1909 884 1984 putantur,
928 1911 1129 1980 emergentes
1168 1903 1324 1963 finxerat.

245 1985 356 2070 Quare
377 1987 417 2048 ad
437 1995 619 2048 monstrum
638 2006 656 2047 e
681 1985 764 2046 mari
785 2006 952 2068 emergens
975 1984 1238 2071 conspiciendum
1262 2008 1326 2048 va-

187 2083 189 2097 '
242 2085 292 2136 tes
320 2073 360 2136 ad
392 2074 495 2162 maris!
519 2091 646 2132 arenam
675 2063 801 2163 (littus)
817 2081 868 2146 12,
890 2081 942 2141 18.
964 2071 1095 2133 accedit.
1117 2071 1160 2151 ¹).'
1225 2069 1323 2158 Quae

242 2171 352 2222 tamen
373 2161 444 2220 sola
463 2155 699 2240 interpretandi
719 2157 803 2217 ratio
823 2157 962 2218 hicnon
980 2155 1114 2232 suffieit3
1135 2159 1323 2226 cumcuim

241 2241 329 2307 infra
352 2263 385 2304 v.
407 2255 459 2314 11.
480 2245 612 2304 tertium
640 2239 870 2303 monstrum'e
900 2250 997 2304 terra
1024 2244 1211 2305 continente
1238 2265 1323 2330 pro·
1390 2283 1391 2323 ,

243 2332 314 2393 dire
343 2328 480 2404 dicatur,
515 2327 601 2388 haud
630 2325 855 2402 dubitandum,
883 2327 962 2411 quin
992 2339 1083 2391 vates
1106 2328 1145 2389 ad
1166 2326 1322 2388 Romam

226 2415 490 2493 ⁴transmarinam
518 2431 574 2474 seu
599 2411 644 2484 tin
664 2410 759 2474 Italia
780 2413 885 2473 insula
904 2413 999 2474 sitam
1020 2415 1080 2475 hac
1100 2429 1181 2475 voce
1196 2413 1320 2474 ‘sedulo

243 2503 399 2563 alluserit.
462 2497 548 2560 Haec
577 2497 684 2558 bellua
711 2517 729 2558 e
765 2507 850 2558 terra
882 2499 1036 2560 remotius
1066 2497 1181 2561 dissita
1208 2499 1322 2583 prodit
1389 2531 1390 2538 κ

244 2588 339 2648 terris
362 2586 398 2647 in
424 2584 538 2668 quibus
567 2593 657 2644 vates
686 2583 834 2658 vivebat,
869 2603 991 2644 noxam
1018 2584 1148 2646 illatura
1167 2605 1320 2664 gravem3

150 2686 180 2730 ,²
244 2671 301 2759 qui
327 2691 406 2734 vero
429 2663 516 2731 iufra
537 2689 570 2731 v.
593 2678 646 2738 11.
674 2668 792 2730 ultimo
807 2669 887 2748 ,loco
912 2670 961 2730 rei
985 2669 1178 2732 christianae
1201 2671 1321 2731 inimi-

143 2792 148 2809 ·
195 2763 196 2768 ’
243 2778 298 2820 cus
326 2753 453 2842 prodit,
479 2754 521 2815 ·is
547 2755 584 2817 in
611 2753 695 2838 ipsis
725 2754 793 2815 illis
819 2754 933 2838 quibus
955 2765 1044 2816 vates
1066 2755 1198 2835 degebat
1221 2760 1318 2818 terris
1388 2801 1389 2826 2

211 2843 494 2904 «asiaticisortus
516 2839 677 2926 putandus
697 2851 758 2901 est.
800 2837 940 2923 Uterque
960 2851 1068 2904 tamen
1088 2843 1143 2902 hic
1164 2841 1322 2903 inimicus
1388 2827 1389 2911 i

138 2983 141 2990 ,
242 2929 329 2990 inter
357 2927 508 2988 homiues
536 2927 573 2988 iu
600 2936 685 2988 terra
716 2925 825 2988 oriens
854 2925 900 2985 ita
924 2924 1057 2989 Satanae
1079 2925 1213 2988 coelesti
1237 2931 1319 2989 bene

164 3085 167 3090 ,
244 3014 441 3100 opponitur3
469 3009 554 3074 unde
583 3033 637 3071 cur
666 3010 807 3072 visionis
828 3010 949 3094 prioris
972 3021 1021 3086 12,
1044 3022 1074 3081 1.
1097 3013 1229 3074 initium
1251 3014 1319 3073 sal-

241 3110 310 3194 teip
336 3097 373 3160 in
400 3095 526 3158 coelum
555 3096 746 3159 translatum
767 3098 808 3156 sit
833 3095 911 3157 satis
934 3107 1075 3180 apparet.
1139 3097 1317 3159 simillime
1387 3105 1388 3122 ¹

242 3183 425 3246 Romanum
438 3181 613 3266 imperium
625 3181 767 3268 aquilam
778 3181 890 3249 amari
907 3193 1092 3261 surgentem
1103 3194 1197 3244 vocat
1216 3182 1316 3252 ltEsr.

245 3281 297 3346 11,
319 3281 349 3341 1.
371 3279 422 3347 13,
439 3278 480 3339 51
493 3289 563 3354 sqq.
591 3299 635 3314 ··-·
670 3265 717 3329 V.
729 3277 760 3338 1.
789 3264 905 3329 Bellua
926 3265 1012 3353 quod
1033 3269 1183 3330 cornibus
1205 3268 1316 3333 decem
1386 3319 1387 3386 ,

278 3439 310 3509 1)
328 3437 422 3492 Lectio
440 3443 523 3496 torisa
540 3439 581 3502 (in
598 3437 686 3506 Vulg.
703 3433 803 3489 Pesch·
821 3447 849 3490 et
866 3435 947 3491 codd.
962 3439 1073 3506 paucis)
1089 3436 1169 3490 draeo
1183 3441 1315 3505 constitit,
1385 3387 1387 3506 i

314 3511 391 3578 quod
419 3511 452 3562 ad
478 3513 601 3576 priorem
628 3513 766 3562 visionem
791 3509 953 3562 trahendum
966 3520 1065 3566 esset,
1092 3527 1142 3562 seu
1169 3523 1316 3580 utramque
1385 3545 1386 3550 =

312 3586 451 3634 visionem
477 3583 675 3647 conjungeret,
710 3577 890 3646 improbanda
916 3580 1035 3633 videtur.
1088 3579 1119 3632 Si
1142 3586 1217 3634 euim
1241 3595 1314 3636 vates
1385 3597 1386 3646 t

314 3653 476 3716 draconem,
502 3663 533 3703 ut
556 3649 664 3704 belluae
688 3656 839 3716 potentiam
858 3651 1038 3718 suarrdutaque
1057 3667 1106 3702 sua
1124 3651 1216 3720 daret,
1246 3661 1316 3706 mari
1385 3651 1386 3670 *

313 3724 452 3776 adstitisse
477 3718 522 3774 his
550 3720 641 3774 verbis
668 3737 850 3786 expressurus
877 3732 949 3788 erat,
976 3722 1135 3775 dilucidius,
1154 3723 1183 3778 id
1208 3729 1236 3776 ei
1259 3739 1317 3778 erat

314 3793 477 3853 diceudu1u3
502 3809 553 3844 nec
580 3809 630 3844 cur
656 3791 771 3844 Satanae
795 3791 825 3844 id
849 3791 935 3846 suerit
954 3791 1113 3845 faciendum
1132 3807 1262 3862 apparet;
1291 3803 1314 3848 is
1384 3857 1385 3860 Ἴ

313 3871 389 3919 enim
412 3861 549 3918 invisibili
573 3863 657 3914 modo
683 3863 810 3916 homines
835 3868 918 3932 regit·
971 3863 1100 3916 Ceterum
1125 3868 1193 3918 altas
1212 3867 1316 3920 dehac
1384 3863 1385 3892 ³

314 3932 404 3988 bellua
436 3939 694 4002 interpretationes,
730 3946 761 3986 ut
791 3935 909 3986 Herderi
933 3939 983 4004 qui
1014 3933 1156 3990 Simonem
1180 3937 1315 3992 Gurionis

312 4008 419 4073 filium,
444 4007 615 4060 Heinrichsii
632 4009 682 4074 qui
698 4005 803 4072 Ephesi
817 4007 1017 4073 proconsulem
1034 4010 1116 4062 innui
1132 4003 1228 4078 putat,
1254 4027 1314 4064 cum

309 4083 472 4136 temerariae
495 4083 567 4144 sirit,
594 4076 641 4132 hic
659 4089 749 4131 tacere
766 4089 893 4147 praestat,
