2802 4684
256 314 332 386 248
398 305 442 376 11.
467 282 643 377 Visiones.
677 307 738 380 ΙΙΙ.Ι
761 321 794 388 2.
820 309 914 390 B.·9.
940 261 1194 405 Cap.1i1‚14.

255 459 291 552 di
322 489 412 586 ἔργα·
434 509 540 575 opero
574 511 653 556 vero
688 493 779 556 vitae
812 493 899 580 quod
924 494 1060 571 attinet,
1098 516 1135 558 ea
1161 515 1233 556 non
1265 514 1348 555 curn

257 584 362 636 morte
380 595 510 658 prorum
531 589 689 664 pereunt,
713 579 769 643 sed
789 580 837 642 ita
851 583 923 642 'eos
936 585 973 644 in
996 581 1128 648 alteram
1149 583 1263 644 vitam
1290 601 1349 640 co·

257 658 486 806 ruitapltur,„ut
508 656 629 726 fructus
650 685 764 730 eorum
780 677 813 729 et
833 667 975 752 praemia
993 668 1031 730 in
1051 665 1160 730 omnia
1180 675 1348 728 maneant

260 761 331 806 saec
367 765 396 806 a.

342 923 375 984 9·
398 919 448 992 14.
471 919 606 990 lli—20·
639 918 860 1004 Instatigitur
881 919 1041 986 vindictae
1063 921 1100 987 ab
1120 919 1240 1007 impiis
1266 917 1350 982 uni-

260 999 365 1062 versis
396 1005 573 1083 exigendae
605 1004 694 1082 dies3
731 1015 911 1070 motarum
945 1019 996 1072 est
1024 1019 1166 1092 tempus,
1208 1018 1349 1076 matina

257 1088 352 1168 quasi
374 1086 409 1148 in
420 1111 514 1174 quaro
526 1086 601 1152 -folx
613 1090 799 1156 demittatur
813 1111 903 1172 seges
915 1093 1031 1158 massis
1053 1103 1210 1177 ternpore.
1238 1086 1350 1187 Caijus

262 1171 408 1250 ⁸lflg¹²l⁸0
427 1187 534 1259 Partes
554 1173 595 1262 (c.
608 1174 673 1262 16.)
696 1197 874 1266 quanquam
890 1180 1015 1258 angelis
1032 1177 1138 1263 aptius
1155 1199 1260 1264 quam
1280 1177 1350 1262 ipsi

260 1251 399 1351 tllessiao
426 1260 672 1340 demandantur,
699 1275 731 1325 at
753 1266 833 1326 berle
855 1275 962 1328 tmuen
983 1264 1153 1338 convenit,
1181 1263 1350 1325 lllossiam

258 1361 372 1424 ipsum
399 1354 501 1408 totam
527 1350 621 1412 hanc.
638 1350 737 1412 simul
766 1348 944 1414 ‚vindictam
970 1345 1125 1433 imagine
1146 1349 1349 1429 exigentem

181 1473 184 1486 .
259 1443 512 1518 uepraesentare.
562 1431 665 1514 Igitur
690 1446 728 1497 ut
748 1434 924 1500 vindictam
944 1435 1046 1496 totius
1068 1443 1171 1498 terrae
1192 1443 1348 1496 maturo

99 1571 101 1580 ,
172 1519 176 1530 ’
254 1531 336 1590 Jom
357 1521 507 1601 tompore
527 1517 660 1582 Messio
686 1528 828 1584 auctore
851 1521 962 1606 peragi
991 1519 1208 1599 significetur,
1249 1530 1347 1580 vates

259 1596 421 1685 ‘imagines
449 1601 527 1665 duas
555 1607 680 1668 similas
701 1607 756 1666 hic
776 1606 914 1682 inserit,
942 1607 987 1672 in.
1000 1604 1045 1668 V.
1060 1603 1102 1666 T.
1123 1603 1162 1666 de
1183 1603 1346 1666 hostibus

260 1699 353 1775 jussu
381 1685 495 1750 divino
521 1702 647 1754 rnature
671 1689 858 1754 excidendis
878 1699 945 1758 lam
965 1685 1148 1776 frequentes
1167 1699 1206 1750 ut
1230 1702 1346 1753 vatem

260 1785 315 1827 aas
335 1770 371 1832 in
392 1771 454 1834 hac
474 1777 730 1853 serieornittero
750 1778 810 1838 vix
830 1777 977 1862 potuisse
994 1772 1088 1838 facile
1100 1774 1226 1838 videas.
1274 1775 1345 1838 Ex-

260 1853 412 1932 ercitum,
433 1871 580 1944 gontem,
601 1843 718 1924 terrim
739 1861 844 1924 exitio
865 1861 1057 1924 destinatam
1072 1874 1103 1922 et
1115 1871 1288 1946 paratam,
1313 1872 1345 1922 ut

261 1937 405 2016 gladium
425 1945 629 2010 solummodo
651 1947 813 2010 delentem
829 1958 1007 2033 exspectet,
1028 1958 1119 2009 vates
1135 1968 1209 2008 cum
1221 1955 1344 2032 segete

254 2025 333 2100 (sau
355 2026 498 2113 arbusto)
518 2041 662 2096 motura
683 2052 860 2096 suessorum
884 2033 939 2118 qui
960 2027 1075 2096 falcem
1095 2032 1260 2094 immittat
1284 2053 1343 2094 ex-

264 2123 428 2193 spectante
454 2135 637 2201 comparara
662 2119 786 2194 solent,
826 2115 868 2180 cf.
890 2119 1015 2194 loelcl,
1037 2127 1089 2188 13.
1117 2113 1240 2180 Amos.
1260 2127 1293 2194 8,
1317 2127 1342 2186 1.

264 2193 351 2280 (des
375 2209 425 2276 17,
446 2209 478 2269 5.
500 2207 564 2278 6.).
605 2200 665 2264 Cui
692 2201 864 2280 admodum
890 2202 1013 2280 affinis,
1048 2201 1146 2266 latior
1174 2214 1293 2264 tamen
1314 2213 1341 2264 et

263 2283 441 2346 terribilior
475 2287 574 2348 etiam
606 2288 706 2353 altera
737 2290 816 2351 haec
845 2299 894 2352 est
924 2291 1048 2370 imago:
1083 2299 1120 2350 ut
1153 2287 1341 2352 vindemiae
1379 2311 1380 2320 ¹

261 2377 410 2453 ternpore
429 2392 519 2434 uvae
535 2383 678 2436 mannae
692 2395 805 2438 omnes
820 2373 1032 2458 decerpuntur
1045 2369 1145 2464 (quod
1158 2375 1207 2436 ita
1219 2369 1340 2436 facturo

261 2463 298 2513 ut
319 2475 361 2516 ne
380 2477 444 2518 una
485 2457 595 2536 uidem
615 2459 651 2522 in
672 2463 769 2524 vinea
788 2472 889 2522 restet
909 2481 981 2537 uva,
1002 2480 1060 2546 per
1082 2479 1118 2520 se
1140 2451 1207 2554 jam
1230 2459 1339 2539 imago
1378 2523 1379 2536 ,

263 2549 312 2599 est
332 2539 454 2604 excidii
500 2545 621 2606 ostium
641 2545 732 2630 pleni
751 2541 850 2607 Ohad.
870 2552 902 2614 5.
925 2545 991 2608 der.
1012 2549 1065 2620 49,
1086 2539 1145 2628 9.),
1164 2544 1339 2608 collectae-
1378 2547 1379 2554 ’

254 2645 326 2710 φιο
347 2627 384 2688 in
403 2628 542 2713 torcular
564 2623 704 2726 dejectae
725 2631 771 2700 ita
792 2642 1016 2709 conteruntur,
1042 2639 1081 2691 ut
1098 2632 1270 2692 succusin
1293 2632 1339 2691 la·
1377 2693 1378 2698 ,

201 2761 204 2774 .
253 2732 334 2774 cum
355 2711 458 2776 fluens
481 2713 636 2776 inundet:
652 2705 705 2778 'ita
723 2715 870 2778 hostium
891 2717 1004 2802 copiae
1026 2717 1184 2778 contritae
1207 2717 1339 2795 sanguis
1377 2783 1378 2797 χ

262 2797 413 2881 profluit,
449 2794 708 2876 cf.Joe14,13.
743 2800 995 2876 Jes.63,1-3.
1058 2795 1148 2882 Quas
1166 2800 1338 2880 'imagines

261 2895 411 2962 cognatas
436 2887 519 2948 sicut
539 2885 612 2948 toet
633 2881 805 2985 conjunxit
832 2887 956 2972 pictura
984 2887 1111 2948 concisa
1131 2895 1165 2948 et
1186 2887 1339 2966 eleganti,

222 3033 224 3041 ¹
261 2967 308 3030 ita
330 2981 420 3032 rates
441 2983 551 3033 noster
573 2993 637 3034 una
656 2973 692 3034 in
714 2974 842 3034 visione
864 2971 1043 3034 ornatiores
1058 2973 1337 3056 suoque'consilio
1376 2977 1377 3035 l

259 3056 392 3134 egregio
410 3055 570 3141 adaptatas
590 3057 701 3119 nectit.
742 3057 887 3120 Primum
907 3057 995 3120 euim
1006 3053 1140 3118 Messias
1162 3057 1239 3141 ipse
1260 3080 1338 3143 pro-

237 3175 239 3180 *
261 3141 312 3202 dit
332 3152 450 3206 terram
466 3153 503 3202 ut
523 3153 666 3222 segetem
686 3154 845 3205 maturam
866 3141 1029 3204 demetens
1053 3162 1086 3205 v·
1109 3145 1257 3218 tlt—163
1278 3165 1338 3204 ex·
1375 3173 1376 3194 .

262 3229 343 3312 cipit
363 3249 436 3290 euru
457 3228 589 3308 angelus
609 3249 688 3290 uvas
711 3228 884 3313 decerpens
905 3238 1136 3313 conterensque
1153 3238 1191 3287 ut
1207 3230 1337 3308 sanguis
1375 3199 1376 3271 l

260 3315 383 3376 multus
405 3313 546 3398 profluat
566 3321 758 3389 v.17-·203
785 3325 919 3400 uterque
940 3333 1019 3375 varo
1041 3315 1087 3374 ita
1106 3321 1234 3376 tanturn
1257 3333 1336 3398 opus
1374 3375 1375 3394 ,

148 3425 151 3430 ·
237 3398 238 3406 ’
261 3401 326 3462 hoc
347 3399 487 3483 peragit,
512 3409 549 3462 ut
569 3399 768 3479 augelusex
787 3399 912 3483 templo
935 3397 1068 3461 coelesti
1084 3395 1121 3474 (i.
1133 3417 1162 3458 e.
1172 3396 1229 3462 dei
1248 3393 1337 3482 sede)

261 3485 416 3572 prodiens
445 3483 631 3546 mandatum
658 3481 724 3570 ipsi
754 3483 902 3546 divinum
934 3481 974 3545 de
1002 3501 1100 3568 opere
1128 3483 1334 3570 exsequendo

262 3581 416 3656 exponat.
466 3567 559 3650 Quae
580 3569 671 3632 fictio
692 3569 770 3654 qaid
792 3570 855 3630 sibi
875 3568 959 3632 velit
978 3589 1021 3631 ex
1042 3570 1097 3630 his
1119 3570 1200 3632 satis
1221 3571 1334 3631 elucet.

261 3657 454 3742 Praecipuus
488 3655 576 3717 enim
609 3655 665 3739 qui
698 3653 888 3739 spectandus
920 3655 1030 3729 venit,
1069 3649 1181 3716 sensus
1200 3656 1258 3716 lric
1279 3667 1334 3731 est,

259 3752 439 3804 moturum
462 3760 534 3802 esse
555 3741 709 3816 exitium,
731 3734 784 3805 dcc
806 3731 895 3823 ἦλθέ
916 3763 968 3805 σοι
987 3732 1009 3824 ἦ
1027 3731 1094 3822 ὥρα
1117 3739 1178 3804 τοῦ
1199 3739 1334 3822 θερίσαι
1372 3803 1373 3814 ,

262 3849 294 3890 v.
310 3835 360 3897 15.
379 3822 431 3892 ὅτι
451 3820 610 3912 ἤκμασαν
632 3829 668 3889 αἱ
688 3824 855 3908 σταφυλαί
876 3845 909 3886 v.
926 3835 976 3896 18.
1018 3819 1106 3910 Apte
1127 3844 1207 3886 vero
1239 3821 1333 3902 simul
1372 3827 1373 3854 ³

259 3913 396 3976 Messias
418 3931 499 3996 opus
522 3909 637 3971 deinde
661 3911 775 3990 angelo
798 3907 882 3970 cedit
903 3909 1158 3994 exsequendum,
1181 3933 1255 3972 cum
1272 3912 1334 3994 ipsi

163 3995 167 4005 ¹
257 3997 408 4083 deinceps
428 3997 535 4078 angeli
551 3993 688 4056 llessiae
703 3996 782 4056 (loco
798 3995 975 4058 vindictam
993 3993 1099 4079 ipsam
1121 4015 1332 4080 exsequantur
1371 4015 1372 4074 l

258 4107 285 4146 c.
308 4093 359 4154 15.
381 4089 440 4155 163
468 4080 615 4170 quodque
645 4091 678 4141 et
703 4079 838 4142 Messias
860 4092 894 4142 et
912 4081 1047 4159 arigelus
1069 4101 1088 4142 e
1108 4080 1263 4150 mandato
1285 4081 1332 4142 di·
1371 4077 1372 4128 l

260 4169 339 4232 vino
377 4169 464 4248 agit,
511 4167 630 4250 partim
666 4163 706 4227 ad
738 4176 869 4228 ornatus
899 4165 1149 4232 similitudinem
1184 4168 1330 4256 pertinet,
1371 4133 1372 4217 l
