2774 4688
235 253 311 327 278
362 241 408 316 11.
433 237 612 312 Visiones.
635 237 696 312 111.
711 249 745 320 2.
770 237 812 308 Β.
829 193 966 334 asc-p,
983 236 1075 334 Cup·
1093 246 1159 326 18,
1183 219 1325 318 82-10.

218 427 276 490 ,de
306 423 392 488 solio
426 411 565 488 firmiter
594 423 779 500 insidente,
802 441 900 502 rege,
930 419 1046 488 dicitur
1076 420 1143 484 les.
1168 431 1225 495 10,
1252 422 1327 498 130,

238 533 300 575 neo
324 505 409 572 orba
438 531 516 574 sum
544 512 567 573 i.
589 532 618 574 e.
648 510 766 572 incolis
798 505 869 596 (qui
886 501 969 592 filit
995 507 1084 571 urbis
1105 507 1269 570 dicuutur
1293 503 1328 566 cf.

240 597 542 680 g1·.hebr.p.302.
571 607 604 658 et
635 595 732 681 impr.
754 593 880 658 Barnch
902 595 933 668 4,
954 591 1021 666 dlii
1053 592 1236 665 destituta,
1272 612 1328 653 nec

240 701 397 766 unquam
410 717 413 722 ·
428 679 562 744 luctum
590 678 754 766 experiar
787 681 827 742 ob
857 679 979 742 incolas
1007 673 1131 742 o'ccisos
1160 677 1330 739 domusve

72 796 77 804 ·
172 789 182 812 s
218 758 429 830 *destructus
485 763 608 828 Hausta
631 767 710 828 haec
732 786 774 828 ex
795 763 924 828 Babelis
944 766 1096 850 exemplo
1121 762 1190 826 Jes·
1213 765 1274 838 472
1296 773 1329 832 8;

127 1467 134 1486 ⁸
246 1449 351 1536 pestis
379 1443 436 1528 (cf.
465 1461 535 1512 not.
557 1447 597 1510 ad
617 1459 648 1524 2,
669 1455 775 1526 23.·6,
796 1444 862 1533 a),

243 849 362 914 Roma
390 862 423 912 et
451 848 522 936 ipsa
543 871 774 938 nonnunquam
794 851 831 912 in
851 849 960 914 numis
983 847 1109 936 regino
1134 838 1257 924 audit,
1294 843 1331 912 cs.

244 935 367 1020 Spenh.
390 935 429 998 de
450 948 569 1020 praest.
590 947 627 1018 et·
642 959 703 1000 usu
724 935 875 1000 numism.
900 957 933 1020 p.
949 940 1023 1006 401.
1047 969 1092 983 -
1135 934 1186 996 V.
1208 942 1331 1006 8⁹19.

247 1017 295 1084 Ob
325 1021 403 1084 haec
432 1022 531 1099 igitur
560 1023 680 1086 scelere
707 1022 821 1108 plagae
849 1021 934 1102 illae⁸
949 1019 1080 1084 divinae
1100 1031 1167 1086 tam
1191 1030 1333 1104 repente

206 1131 210 1142 ·
244 1107 373 1178 ineam
394 1108 535 1184 irruent,
569 1119 606 1171 ut
626 1117 660 1170 et
681 1128 772 1188 reges
793 1107 826 1172 ei
846 1099 980 1204 subjecti
1000 1127 1034 1170 v·
1052 1115 1084 1180 9·
1106 1119 1158 1176 10.
1182 1117 1219 1168 et
1243 1126 1334 1166 mer-

183 1243 187 1250 .
246 1203 370 1262 catores
396 1205 573 1278 nautaeque
604 1214 647 1258 ex
678 1187 747 1288 ejus
766 1193 894 1256 luxuria
912 1193 1039 1257 lucrum
1059 1192 1178 1274 ingens
1203 1185 1335 1252 facien-

216 1277 219 1286 “
246 1289 387 1342 tecnon
408 1280 487 1340 satis
507 1281 634 1342 ruinam
656 1271 727 1374 ejus
747 1281 939 1360 subiturum
960 1279 1118 1358 integram
1141 1289 1287 1362 stupere
1303 1289 1332 1338 et

247 1365 358 1443 lugere
385 1366 524 1448 possint.
587 1361 729 1452 Plagae
760 1363 852 1452 ejus,
912 1361 1000 1426 uales
1029 1375 1105 1426 sunt
1133 1383 1230 1426 mors
1262 1363 1289 1424 i.
1308 1383 1334 1424 e.

890 1385 1011 1512 iustus
1043 1451 1083 1512 ob
1111 1448 1246 1514 incolas
1270 1443 1334 1541 jam

250 1554 374 1616 occisos
393 1565 426 1614 et
445 1547 544 1639 potio
566 1551 769 1630 occidendos,
790 1566 827 1616 nt
846 1530 923 1640 5353,
943 1550 1059 1618 LXX.
1081 1553 1221 1627 πένθος
1235 1575 1335 1640 prae-
1362 1607 1363 1610 ,

218 1711 221 1716 ,
248 1639 342 1724 cipue
372 1637 411 1706 de
430 1640 516 1702 luctu
538 1651 739 1702 mortuorum
760 1639 893 1726 ponitur
911 1637 994 1703 Gen.
1014 1650 1068 1716 27,
1089 1645 1142 1712 41.
1164 1635 1283 1702 Amos
1304 1651 1333 1716 8,
1363 1627 1364 1708 l

249 1735 303 1794 10.
331 1722 424 1786 Koh.
444 1732 476 1802 7,
499 1735 529 1796 1.
550 1736 582 1795 2.
613 1719 729 1808 fames
750 1733 785 1788 et
805 1722 1006 1788 incendium
1036 1727 1135 1800 (haec
1157 1720 1232 1788 fere
1259 1737 1334 1788 sunt
1364 1727 1365 1784 t

248 1811 465 1872 calamitatum
486 1811 635 1890 gravium
654 1809 804 1894 exernple
824 1821 857 1872 et
880 1809 993 1890 signa,
1023 1809 1182 1896 cf.·'enpra
1206 1833 1242 1896 p.
1260 1821 1332 1880 152.
1365 1826 1366 1862 t

248 1907 282 1957 et
303 1893 431 1958 Baruclr
450 1905 481 1970 1,
502 1903 641 1966 30-35,
663 1893 727 1958 Sir.
746 1904 799 1972 39,
819 1899 905 1973 29.),
934 1893 1134 1960 irruentia
1157 1917 1241 1958 eam
1265 1910 1332 1960 utro
1366 1926 1367 1964 t

249 1977 326 2056 die,
353 1981 529 2066 inopinato
560 1999 671 2044 omnes
703 1973 875 2045 molesssua
903 1981 1014 2061 gravi,
1046 2002 1125 2068 quae
1147 1979 1329 2065 descriptio
1367 2026 1368 2044 t

249 2067 296 2143 sic
318 2067 503 2150 continuata
525 2078 573 2134 est
593 2089 636 2130 ox
656 2065 721 2128 Jes.
738 2065 791 2144 47,
810 2077 841 2140 9.
869 2058 887 2134 o‘
911 2064 1028 2150 κρίνας
1049 2064 1109 2152 qui
1121 2064 1208 2151 jam
1224 2063 1329 2148 judi·
1368 2129 1369 2136 ¹

142 2167 145 2172 '
249 2147 345 2212 cium
365 2149 408 2212 tle
428 2172 469 2212 ea
493 2149 578 2219 tulit
600 2157 781 2227 ο.,16.17.,
814 2151 866 2214 cui
896 2153 989 2216 firma
1016 2145 1082 2249 jam
1110 2151 1327 2217 excidii‚stat
1369 2224 1370 2230 ρ

131 2243 135 2258 ‘
250 2239 412 2300 sententia
435 2236 602 2299 declarata.
651 2235 806 2300 Praesens
824 2231 982 2320 tentum
1004 2235 1089 2324 quod
1110 2237 1247 2318 vulgata
1271 2237 1328 2298 he-

247 2321 302 2384 bet
330 2322 427 2385 lectio
462 2332 494 2384 et
523 2321 701 2396 hocloco,
734 2324 790 2386 ubi
811 2321 850 2386 de
871 2323 965 2386 rebus
987 2317 1105 2386 futuris
1129 2343 1239 2386 sermo
1264 2335 1327 2384 erat
1370 2322 1371 2334 ¹

249 2401 379 2470 facilius
398 2405 545 2483 videtur,
567 2406 826 2472 emendationem
847 2410 944 2494 sapit.
964 2441 1008 2455 --
1043 2406 1088 2470 V.
1104 2417 1225 2482 9-19.
1258 2407 1326 2470 Jam

249 2501 287 2554 ut
308 2489 429 2556 varias
447 2493 619 2557 hominum
641 2493 758 2555 classes
779 2493 933 2570 Romam,
965 2491 1041 2556 dum
1068 2505 1203 2579 repente
1234 2515 1327 2556 ever-

238 2577 331 2643 'titur
358 2575 625 2664 incenditurque,
654 2580 763 2641 acerbe
790 2580 902 2660 lugere
924 2577 1135 2654 describatur,
1169 2587 1242 2641 tres
1265 2580 1326 2640 ho-

252 2661 399 2738 minurn,
424 2663 480 2749 qui
501 2665 581 2726 bene
603 2675 635 2726 et
656 2675 748 2726 extra
769 2662 886 2728 Urbem
907 2666 1030 2727 versari
1050 2676 1083 2727 et
1104 2663 1235 2727 ruinam
1260 2659 1326 2755 ejus

250 2768 344 2828 aegre
367 2743 452 2812 ferre
467 2749 603 2830 cogitari
618 2761 770 2835 possunt,
791 2743 908 2814 classes
922 2751 1178 2812 constituuntur:
1204 2769 1327 2834 regum

250 2853 285 2894 v.
298 2842 329 2905 9·
343 2843 394 2902 10.
416 2833 647 2898 mercaturam
668 2857 701 2898 v.
721 2842 855 2906 11-16.
877 2847 910 2898 et
932 2843 1125 2896 nautarum
1139 2843 1324 2907 ν.17-19.

252 2915 380 2999 Quibus
401 2921 542 3002 partibus
566 2921 668 2982 tribus
686 2916 810 3004 similis
833 2931 960 2986 servata
980 2931 1031 2981 est
1049 2913 1153 2981 forma
1172 2919 1272 2996 haec,
1293 2929 1326 2980 ut

248 3003 286 3066 in
309 3002 525 3087 descriptione
548 3026 714 3070 causarum
739 3007 924 3070 mirationis
946 3015 979 3068 et
1000 3001 1104 3066 luctus
1125 3003 1261 3090 praevia
1282 3017 1326 3066 ter

250 3086 367 3160 redeit¹
381 3081 610 3186 sormuluoirto'
624 3083 808 3200 μακρόθεν
824 3081 1014 3178 ἑστηκότες,
1032 3101 1065 3152 et
1087 3105 1231 3176 quaeque
1251 3087 1325 3152 nae-

249 3174 305 3236 nia
327 3196 345 3237 a
371 3176 478 3238 verbis
497 3173 573 3240 ouei
595 3176 670 3242 oveti
692 3201 714 3261 η
735 3168 833 3252 πόλις
853 3169 876 3262 ἦ
889 3165 1029 3262 μεγάλη
1044 3175 1180 3260 incipiat
1199 3177 1326 3238 verbis-

234 3327 238 3334 ,
276 3280 316 3320 ue
348 3253 401 3326 ότι
430 3257 494 3345 μιᾷ
516 3255 584 3346 pipp
604 3261 746 3326 finiatur.
795 3260 880 3343 Ergo
911 3263 966 3322 hic
998 3261 1205 3346 stropharum
1230 3283 1325 3346 quae-

252 3281 326 3406 dam
345 3345 480 3427 partitio
501 3357 534 3406 et
555 3345 784 3432 descriptionis
805 3370 855 3410 ars
883 3346 962 3412 alibi
980 3345 1077 3410 etiam
1100 3343 1146 3431 (p.
1161 3356 1224 3416 102
1244 3368 1259 3408 s
1284 3343 1325 3432 q.)

251 3439 362 3491 notata
391 3431 505 3492 elucet.
565 3431 741 3520 Solemque
775 3433 909 3510 omnino
947 3442 1036 3492 vates
1062 3442 1095 3494 et
1123 3443 1240 3516 poetae
1296 3456 1327 3494 ac

214 3555 217 3560 -
252 3509 358 3576 forma
384 3516 444 3590 uti,
464 3513 552 3578 idem
573 3537 631 3601 per
653 3520 759 3580 varias
781 3521 899 3580 classes
918 3518 991 3578 fieri
1014 3513 1265 3581 demonstraturi
1288 3513 1326 3580 cs.

251 3595 357 3663 Amos
378 3623 405 3662 c.
420 3612 451 3670 1.
466 3609 499 3670 2.
528 3631 572 3647 -ι
599 3601 660 3664 ·V·
677 3613 708 3675 9·
732 3614 783 3672 10·
818 3600 969 3686 Stroplm
982 3600 1113 3685 prima.
1135 3600 1242 3682 Reges
1259 3601 1327 3666 Ro-

252 3705 322 3749 mee
346 3684 508 3748 meretrici
530 3685 695 3750 allicienti·
710 3686 853 3752 devincti
875 3697 907 3749 et
936 3683 1071 3782 subjecti
1101 3682 1147 3770 (v.
1172 3689 1238 3765 3.),
1258 3691 1327 3776 ‚qui

159 3805 163 3812 ·
228 3759 234 3772 ’
252 3772 380 3832 ruinam
404 3763 474 3867 ejus
497 3769 616 3833 deflent
637 3784 669 3834 et
690 3774 803 3854 lugent
818 3765 1004 3860 (κόπτομαι
1019 3772 1075 3838 ἐπὶ
1092 3791 1124 3833 v.
1144 3779 1243 3850 1‚7.),
1262 3796 1327 3836 non

253 3867 327 3917 sunt
361 3855 544 3940 provinciis
568 3853 738 3942 praefecti,
775 3881 855 3945 quos
878 3868 910 3920 et
932 3857 1026 3918 aliter
1047 3857 1218 3942 descripsit
1240 3871 1326 3920 vates

252 3949 304 4015 17,
327 3949 438 4012 12-17.
462 3952 494 4002 et
507 3939 628 4004 Romae
650 3945 802 4006 inimicos
824 3943 1035 4026 gravissimos
1059 3963 1129 4006 esse
1149 3942 1253 4018 dixit,
1274 3945 1327 4006 sed

253 4027 360 4105 reguli
383 4027 468 4087 intre
489 4023 625 4112 Imperii
642 4028 819 4106 ditionem,
842 4040 878 4091 ut
892 4017 1130 4114 Cappadociae,
1151 4027 1326 4104 Numidiae,

228 4149 230 4159 ·
253 4102 444 4174 Germaniae
460 4121 537 4189 eto,
558 4135 639 4198 quos
662 4115 769 4178 innuit
791 4133 917 4204 quoque
939 4124 1028 4175 vetes
1047 4121 1101 4192 17,
1121 4123 1172 4186 18.
1215 4114 1262 4178 Iti
1275 4117 1325 4178 uti

198 4217 205 4226 ,
223 4209 232 4234 ρ
375 4203 378 4208 ,
