2774 4688
180 357 185 374 Ι
216 253 302 362 994'
381 265 424 336 11.
449 259 626 353 Visiones.
651 258 713 331 111.
731 271 765 342 9.
790 207 883 344 bs·
905 255 993 352 081)-
1009 267 1070 346 20>
1093 271 1125 338 1·

216 452 266 539 pii
287 471 327 514 a.
350 460 402 522 21.
432 445 535 512 occidi
569 443 800 532 devoreriquo,
842 461 948 590 nepe
981 459 1060 506 vero
1092 441 1132 506 in
1162 441 1309 508 Orcum

178 593 181 602 .
213 535 463 628 flammantem
503 529 629 596 detrudi
665 529 833 604 dicuntur,
880 530 893 590 i
959 529 1044 612 quod
1077 540 1156 615 post
1171 583 1176 588 .
1194 551 1308 591 annos

220 625 349 686 demum
377 621 469 683 mille
494 619 534 682 fit
558 629 614 691 90,
639 621 773 686 10-15·
823 610 863 674 Iu
888 614 998 711 vorbis
1030 607 1224 712 udpnolov
1249 616 1309 680 καὶ

220 702 298 784 τούς
320 707 469 795 βασιλεῖς
493 705 553 789 τῆς
573 702 635 790 γῆς
656 701 714 786 nol
733 691 776 765 ori
793 721 1028 784 στρατευματα
1045 703 1156 766 cordo
1172 723 1310 784 συνηγ-

182 807 192 858 ,’
221 794 310 880 μένα
332 809 485 874 agnoscas
506 788 696 873 scriptorem
717 783 756 846 ad
778 785 971 848 sententium
986 807 1081 870 supra
1102 797 1151 861 17,
1174 791 1234 854 14.
1253 786 1308 846 cll.

223 881 423 954 16,13.14.
449 883 497 950 17,
521 882 657 944 12-17.
686 871 748 954 jarn
770 869 930 954 prolatam
957 873 1096 932 breviter
1116 871 1312 956 respicien-

222 975 308 1038 teru3
340 974 377 1024 ut
405 984 438 1025 v.
458 971 510 1032 20·
541 956 860 1046 pseudoprophetam
880 953 996 1019 iisdem
1017 951 1085 1018 fere
1106 957 1220 1020 verbis
1251 954 1313 1017 ad-

148 1045 151 1054 ’
224 1053 405 1112 urubratum
425 1047 518 1110 vides
539 1045 653 1131 quibus
676 1051 728 1118 13,
751 1049 886 1112 11-·-17.
907 1053 1095 1112 vatesusus
1112 1053 1191 1104 erat.
1243 1039 1313 1103 La-

226 1157 280 1197 cus
302 1137 378 1214 igne
399 1141 555 1223 perpetuo
577 1129 797 1214 sulphureque
818 1129 991 1201 aestuantis
1013 1139 1046 1190 et
1066 1123 1226 1190 fumantis
1251 1127 1316 1190 de-

149 1349 155 1356 .
204 1220 721 1372 ttttlttn‘ttttttftmtlt
737 1211 1178 1384 iliriulildilllliili
1199 1211 1315 1380 ,ill

228 1393 332 1454 instar
364 1385 501 1451 feriente
521 1397 563 1448 ‘et
591 1382 769 1446 trucidante
799 1383 960 1468 perimere
981 1383 1098 1446 dicitur
1119 1378 1160 1446 cf.
1183 1405 1220 1469 p.
1238 1397 1314 1455 101.

233 1487 306 1546 102·
328 1473 388 1537 file·
407 1484 460 1550 2⁰9
482 1483 513 1546 9·
545 1467 692 1542 QThess·
709 1479 740 1540 99
761 1479 793 1536 8·
824 1465 949 1530 Enoch·
971 1474 1022 1538 62!
1045 1477 1096 1538 15·
1130 1467 1235 1540 4Esr·
1262 1480 1314 1546 131

230 1567 346 1630 4-13·
367 1570 421 1629 38·
443 1565 493 1634 15,
509 1567 563 1628 23·
587 1543 824 1637 Χορτάζεσθαι
842 1555 976 1640 proprie
995 1549 1101 1616 terto
1123 1557 1237 1640 pasci,
1260 1576 1314 1618 sa-

125 1701 133 1713 ,
231 1647 332 1710 turari
352 1644 485 1706 omuino
506 1642 623 1704 dicitur
645 1640 684 1704 de
705 1639 894 1722 animalium
913 1651 1008 1728 pastu
1028 1639 1182 1727 omnique
1198 1644 1316 1722 victu3

233 1733 269 1793 h.
285 1733 309 1792 l.
331 1743 383 1794 est
400 1726 531 1792 satiari
553 1721 595 1790 cl.
617 1733 786 1796 v.17.18.

313 1909 345 1971 3.
367 1898 402 1962 G.
415 1910 470 1971 20.
499 1891 620 1960 Actum
640 1889 707 1991 jam
729 1905 779 1959 est
799 1893 839 1959 de
861 1895 1009 1974 omnibus
1031 1891 1227 1976 bominibus
1250 1895 1314 1960 im·

153 2057 156 2066 1
233 1984 318 2072 piis:
348 1985 404 2072 qui
424 2007 507 2046 unus
528 2005 572 2046 ex
591 1983 805 2044 atrocissimis
826 1981 963 2046 Messias
980 1973 1313 2070 'christianorumque

233 2083 379 2156 superest
399 2071 565 2144 hostibus,
581 2068 721 2130 ›satanas
743 2077 844 2145 c.12‚
866 2069 1020 2154 iensque
1041 2089 1167 2154 pugnae
1191 2070 1251 2130 illi
1276 2073 1311 2130 ab

167 2189 170 2196 ·
233 2157 421 2218 hominibus
449 2177 487 2220 eo
516 2164 644 2217 anctore
672 2154 864 2216 bellantibus
887 2156 1075 2219 commissae
1099 2163 1148 2228 19,
1173 2163 1312 2226 19—21.

212 2249 213 2260 ¹
234 2242 307 2326 ipsc
329 2243 498 2315 intererat,
519 2261 623 2325 neque
643 2240 813 2302 hominurn
832 2241 933 2302 instar
952 2240 1062 2325 puniri
1079 2251 1202 2322 potest.
1241 2238 1311 2321 Igi-
1343 2232 1347 2245 “

214 2337 287 2388 ¹tur
309 2347 350 2388 ue
371 2347 470 2407 regno
492 2323 748 2386 Christianorum
772 2345 870 2410 porro
898 2336 1028 2401 noceat,
1063 2327 1206 2387 vinculis
1230 2327 1310 2389 bene
1367 2345 1368 2408 1

217 2415 391 2473 1οοεῐοίῑιιει
423 2413 459 2474 in
488 2407 604 2472 Orcum
632 2407 829 2484 detruditur,
861 2411 1040 2496 incipitque
1064 2409 1137 2482 ,boc
1169 2410 1310 2498 denique
1367 2471 1368 2476 ,

234 2498 314 2559 boni
352 2497 507 2582 probique
536 2495 633 2557 hoste
664 2496 770 2580 primo
797 2506 829 2556 et
848 2498 1006 2560 acerrimo
1026 2507 1150 2558 reruoto
1173 2493 1311 2576 regnum
1367 2531 1368 2544 ι

236 2579 496 2645 Christianorum
534 2581 665 2668 piorum
696 2581 857 2665 quietum,
900 2580 977 2644 fidei
1006 2593 1038 2644 et
1064 2581 1243 2666 probitatis
1270 2604 1310 2645 ne

183 2725 186 2734 .
235 2670 389 2731 inanimis
410 2665 539 2752 quidem
559 2661 961 2730 vexationibusinsractae
982 2668 1161 2752 praemium
1179 2669 1307 2749 justum.
1367 2685 1368 2716 t

219 2753 299 2818 ,Sea
322 2755 376 2815 hic
396 2773 519 2814 novum
540 2752 664 2814 fictioni
686 2751 806 2814 accedit
826 2765 1044 2816 commentum
1065 2751 1104 2814 de
1123 2750 1225 2814 mille
1245 2775 1307 2814 nn·
1367 2717 1368 2790 l

236 2859 361 2900 norum
387 2839 492 2924 spatio
523 2837 636 2900 mundi
666 2831 761 2932 hujus
783 2838 860 2900 fine}
908 2839 1038 2902 Scilicet
1059 2848 1135 2924 post
1160 2837 1307 2900 Seianam

237 2923 383 2985 vinctum
418 2929 486 2985 non
517 2923 627 2984 statim
653 2925 783 3006 piormn
802 2923 1050 3009 ¹impiorumque
1076 2943 1149 2998 sors
1183 2935 1308 2986 aeterua
1367 2951 1368 2980 r

224 3003 359 3106 ,judicio
391 3007 443 3068 dei
472 3006 512 3070 de
541 3008 705 3069 universis
733 3009 799 3070 lato
825 3009 1025 3086 decernitur,
1059 3007 1094 3076 id
1124 3006 1212 3092 quod
1241 3031 1307 3072 cum

146 3155 149 3161 ,
237 3091 350 3155 rnundi
381 3088 478 3186 hujus
513 3110 665 3176 compage
697 3093 803 3154 soluta
834 3115 986 3180 novoque
1023 3090 1144 3156 mundo
1177 3093 1305 3156 condito
1367 3089 1368 3156 l

237 3178 414 3242 arctissime
444 3178 616 3240 cohaerere
643 3180 795 3262 putabant
830 3179 962 3242 ludaei:
1004 3178 1060 3240 sed
1089 3173 1190 3240 mille
1216 3175 1307 3240 noni
1367 3181 1368 3220 l

194 3298 199 3308 x
236 3275 360 3326 restant
380 3274 453 3326 ante
473 3261 586 3331 mundi
607 3257 704 3355 hujus
724 3265 833 3326 finem.
877 3261 976 3349 Quod
995 3285 1054 3349 per
1070 3263 1213 3348 spatium
1234 3265 1308 3325 satis

237 3351 371 3429 longum
392 3346 519 3410 'Christi
540 3349 674 3412 ecclesia
695 3349 751 3412 rel
778 3349 815 3410 in
836 3349 916 3427 hac,
953 3371 1032 3436 quae
1057 3349 1184 3411 labores
1207 3350 1307 3434 ipsius
1367 3371 1368 3436 1

239 3455 469 3518 aerurmrasque
492 3435 672 3503 constantia
688 3435 867 3498 exantlatas
881 3439 1088 3517 grauissimas
1104 3435 1208 3510 vidit,
1229 3447 1308 3497 terra

236 3521 308 3604 ipsa
329 3521 479 3582 hostibus
500 3519 649 3604 pristinis
663 3521 812 3581 omnibns
828 3521 972 3598 remotis,
985 3543 1048 3608 quo
1064 3515 1204 3616 majores
1215 3531 1308 3590 ¹antra

237 3626 395 3690 perpessa.
424 3616 473 3666 est
507 3606 697 3666 vexationes
726 3597 895 3697 injustas,¹
929 3629 968 3669 eo
1007 3601 1144 3699 justiore
1193 3601 1307 3668 fruitur

240 3713 316 3776 pace
354 3703 387 3753 et
424 3691 531 3776 quiete
561 3711 684 3756 summa
714 3689 834 3753 dudum
861 3701 1034 3777 exoptata3
1069 3693 1219 3775 oppressi
1248 3686 1308 3786 jam

167 3831 170 3836 .
237 3778 373 3837 victoria
404 3797 422 3836 a
449 3775 567 3838 Messio
589 3787 680 3859 parta
700 3786 828 3838 utentes
849 3789 995 3858 regnant.
1045 3774 1194 3860 Cumque
1209 3774 1306 3870 liujus

154 3863 156 3868 '
238 3854 409 3945 solicitatis
436 3859 556 3922 dudum
585 3860 773 3944 promissae
792 3884 905 3926 ornnes
940 3861 1073 3924 omnino
1102 3859 1306 3940 ,Christianos
1367 3899 1368 3938 1

149 4011 152 4018 1
204 3993 208 4008 ,
236 3945 411 4032 participes
440 3947 512 4008 fieri
542 3947 705 4031 amiceque
733 3947 843 4010 unitos
870 3969 1003 4028 regnare
1026 3948 1164 4031 parsit,
1202 3968 1307 4010 omnes
1367 3959 1368 4032 1

236 4033 334 4092 etiam
360 4033 409 4116 pii
440 4032 495 4116 qui
515 4026 615 4114 'prius
648 4031 770 4090 mortni
803 4034 856 4094 vel
887 4035 927 4095 ob
958 4033 1074 4107 fidem,
1101 4043 1138 4092 ut
1160 4032 1305 4117 plurimis

237 4114 370 4187 accidit,
407 4115 505 4176 occisi
528 4125 618 4190 sunt,
640 4111 754 4213 diyiuo
778 4109 868 4213 jussu
889 4119 1070 4199 resuscitati
1093 4119 1306 4187 iiumortales-
