2848 4682
115 303 124 337 z
215 269 266 339 94
315 255 373 328 De
396 254 480 326 libri
502 253 663 350 pastibus
689 275 894 348 carumque
911 275 1010 322 nexu
1032 244 1236 381 mtibcioso.

44 423 47 438 ⁸
105 458 107 464 '
211 441 259 522 ¹ibi
286 441 506 520 adamaverit,
543 439 599 504 ubi
635 436 797 528 expressis
833 435 957 502 verbis
980 446 1064 500 non¹
1085 433 1288 523 significavit.

215 545 330 612 Tertia
374 545 539 611 visionum
573 565 649 630 pars
692 541 877 628 longissima
913 533 950 605 in
983 541 1124 628 singulas
1168 539 1286 604 similes

124 735 125 742 ἵ
213 652 371 716 sectiones
402 649 504 716 divisa
538 660 604 729 est3
642 647 832 734 priusquam
863 669 881 708 a
918 645 979 710 tleo
1015 647 1069 712 vel
1100 645 1222 740 Massia
1251 645 1288 710 in

151 827 158 836 g
213 751 463 846 ch1·istibnorum
494 753 642 832 savorem
656 752 773 841 'poena
799 749 907 840 impiis
925 752 1121 837 irrogatur,
1157 770 1287 834 semper

213 871 268 922 aut
291 857 399 922 laudes
420 855 482 944 det
500 858 537 926 in
564 858 654 924 coelo
667 917 670 924 ,
684 867 844 922 canuntur
864 869 922 922 aut
942 855 1044 942 justae
1064 853 1130 926 irae
1152 837 1287 918 divinae

214 963 306 1050 signa
333 953 515 1049 prodeunt3
547 973 599 1024 ter
626 959 752 1025 tonitru
775 961 826 1027 dei
847 963 919 1028 irati
941 964 1071 1028 intonat
1089 962 1134 1044 (4,
1151 963 1186 1042 5)
1207 970 1240 1037 8,
1256 967 1289 1028 5.

215 1081 266 1146 11,
288 1079 339 1150 19,
367 1077 418 1144 16,
438 1079 497 1143 183
533 1075 584 1128 ter
610 1059 720 1128 tumus
748 1069 890 1134 ascendit
919 1068 958 1137 ad
985 1069 1069 1136 iram
1090 1066 1141 1132 dei
1162 1087 1289 1152 provo·
1320 1077 1325 1095 ¹

160 1249 162 1256 Α
214 1173 347 1238 eandam
368 1183 406 1266 Ι5,
426 1186 458 1254 8,
483 1183 514 1250 8,
531 1178 562 1241 5.
590 1175 718 1248 15,17;
750 1182 925 1256 postquam
962 1171 1095 1237 ultimus
1125 1169 1287 1240 vindictae

214 1275 280 1340 dies
301 1277 465 1364 apparuit,
486 1287 536 1341 ter
558 1272 727 1362 coelicolae
748 1267 845 1339 deum
867 1275 1030 1342 celebrant
1050 1287 1167 1353 11,17.
1191 1287 1241 1350 15,
1253 1288 1285 1348 3.

169 1431 172 1438 ι
215 1391 315 1455 19.1·
347 1414 390 1430 ·-
442 1379 598 1446 Ceterum
631 1379 666 1445 in
698 1379 769 1470 ipso
805 1382 970 1446 visionum
1005 1380 1129 1446 ambitu
1153 1403 1288 1466 'cogno-

214 1484 334 1562 scendo
355 1493 497 1560 attentus
517 1487 617 1551 lector
646 1507 715 1549 non
738 1485 831 1552 facile
851 1498 946 1560 erret.
998 1488 1088 1552 Nam
1109 1498 1200 1552 vates
1224 1509 1286 1548 no-

121 1631 125 1636 .
174 1623 182 1630 ·
214 1611 292 1661 vam
319 1585 495 1670 visionem,
527 1577 583 1657 ubi
604 1613 672 1656 non
692 1612 753 1678 per
774 1611 809 1656 se
830 1601 981 1677 apertum
999 1603 1097 1674 crat„
1116 1590 1286 1678 phrasibus

214 1695 272 1762 sol
298 1693 404 1775 atton,
435 1689 531 1782 ,cresci
549 1697 676 1776 ταῦτα,
710 1705 851 1782 σημεῖον
871 1688 974 1778 ὤφθη
996 1708 1063 1758 tam
1087 1693 1198 1760 sedulo
1217 1694 1287 1780 ipse

215 1797 375 1880 distinxit,
403 1807 441 1861 ut
463 1798 608 1865 cordatus
626 1819 724 1866 nemo
745 1796 901 1864 caecutire
921 1798 1032 1886 possit.

426 1921 429 1950 l

659 2113 724 2217 s.
764 2118 796 2186 t.

126 2287 132 2298 ¹
214 2267 417 2337 Expenduntur
442 2271 533 2321 varias
556 2268 590 2320 tle
617 2281 783 2340 argumento
808 2281 836 2324 et
858 2273 1019 2342 integritate
1045 2267 1112 2324 ttbri
1131 2269 1288 2340 opiniones.

298 2423 389 2506 ¹(Jnm
410 2437 560 2504 omnium
581 2441 834 2527 prophetarum,
865 2443 921 2527 qui
940 2440 1134 2528 imaginibus
1154 2439 1289 2526 cogitata
1318 2445 1321 2450 '
1417 2427 1418 2452 ³

185 2541 188 2554 '
216 2541 323 2628 eloqui
350 2544 501 2624 voluere,
536 2535 761 2632 interpretatio
788 2545 922 2612 difficilia
943 2546 1016 2627 sit,.
1035 2557 1109 2610 tum
1125 2535 1288 2630 imprimis

134 2671 136 2677 ·
215 2667 330 2710 eorum
358 2659 423 2733 est,
460 2647 575 2734 qulbus
603 2671 684 2734 quos
717 2649 827 2716 hostes
854 2650 1009 2730 innuant,
1049 2659 1133 2714 tecte
1160 2660 1288 2712 tantum

159 2757 161 2760 ’
183 2802 187 2820 ,
214 2749 393 2835 significare
412 2753 558 2838 placuit.»
588 2757 679 2842 Nam
699 2755 735 2820 in
757 2753 808 2821 his
830 2755 953 2842 duplari
973 2764 1023 2820 est
1045 2745 1289 2839 interpretatio·-

164 2905 168 2926 .
214 2857 265 2920 nis
298 2855 441 2924 officium
472 2869 508 2922 et
538 2879 641 2944 onus3
677 2861 830 2938 alterum,
869 2879 936 2943 quo
965 2879 1078 2922 sensus
1108 2857 1288 2922 verborum

186 2949 354 3046 'simplex
382 2959 584 3045 enucleatur,
618 2967 756 3030 alterum
788 2978 853 3051 quo
884 2960 962 3046 quid
996 2961 1095 3026 sub
1086 2964 1227 3048 tmagine
1257 2977 1289 3026 et

108 3059 110 3068 ’
212 3063 324 3130 sedulo
358 3087 595 3160 nonnunquam
628 3055 767 3134 obscure
805 3053 898 3132 dictis
930 3067 1044 3148 lateat,
1079 3050 1289 3150 conjiciendo,

114 3177 124 3188 “
192 3169 389 3262 'divinando
430 3183 463 3240 et
494 3174 635 3240 rationes
671 3173 829 3240 subtiliter
872 3170 1081 3259 supputando
1121 3169 1289 3256 colligitur.

17 3321 20 3334 ι
125 3320 144 3368 1
212 3275 315 3362 Igitur
342 3287 380 3340 ut
407 3275 446 3342 de
469 3277 615 3346 Danielis
643 3279 718 3346 libri
741 3301 839 3344 sensu
859 3301 902 3344 ne
924 3279 961 3344 iis
983 3276 1115 3366 quidem
1136 3273 1288 3338 omnibus

214 3381 369 3447 convenit
394 3380 628 3480 interpretibus
650 3386 704 3472 qui
725 3387 835 3451 solum
854 3384 1046 3450 historicum
1068 3401 1201 3444 sensum
1223 3379 1290 3459 (id-
1371 3408 1373 3414 ¹

214 3507 277 3592 que
299 3503 430 3548 summo
450 3489 549 3572 jure)
558 3490 789 3575 quaerendum
798 3512 869 3554 esse
890 3501 1038 3568 censent,
1063 3487 1110 3552 sic
1129 3484 1170 3550 de
1191 3483 1288 3576 Apo-
1335 3497 1337 3504 ’

215 3577 383 3676 calypseos
405 3591 499 3656 etiam
520 3615 616 3658 sensu
640 3617 769 3660 summo
796 3575 829 3661 el
850 3595 1017 3661 visionum
1037 3613 1127 3656 nexu
1147 3592 1288 3677 plurima

213 3694 251 3762 lis
274 3709 339 3774 est3
371 3713 553 3780 quanquam
580 3696 749 3783 diligenter·
772 3700 882 3768 omnia
902 3697 1085 3786 exploranti
1108 3707 1141 3760 et
1161 3696 1289 3782 ponde

214 3801 302 3868 ranti
322 3820 407 3866 unus
429 3811 556 3866 tantum
576 3821 689 3866 sensus
710 3815 749 3870 ut
769 3827 868 3872 verus
890 3815 1038 3869 constare
1058 3801 1189 3890 poterit.

253 4076 262 4101 .,
289 4016 333 4070 dat
358 4028 405 4070 aut
424 4011 463 4071 ‘ex
489 4017 597 4072 collatis
623 4015 754 4075 omnibus
772 4021 907 4092 colligere
933 4019 1068 4076 lectorem
1083 4017 1176 4088 jubet,
1205 4021 1288 4074 certis
1327 4061 1330 4068 .

290 4113 493 4176 constituimus.
526 4152 527 4163 ,
