2774 4688
121 1413 134 1450 '¹
203 1459 206 1472 ‹
233 1439 328 1504 gunt,
359 1435 395 1488 ut
423 1427 523 1488 verbs
549 1424 581 1488 ei
603 1425 735 1507 ἐμπυσ.
757 1445 794 1509 pr

234 312 311 399 284
385 299 429 371 IL
449 297 635 374 Visiones
652 294 722 371 111.
742 309 777 380 2.
802 297 842 368 C.
864 309 902 386 ¹1.
928 297 1015 394 Cap.
1033 309 1094 392 19,
1121 311 1156 380 1··

233 483 398 569 egentium
418 485 537 550 cantico
551 478 633 555 laeta
645 479 796 555 illusisse
811 469 918 546 ratem
955 469 1044 546 utem
1065 477 1221 568 (ᾅσματα
1240 486 1319 549 ἔπι-

113 589 121 614 ²
251 565 339 640 odito
359 569 485 637 Athen.
509 577 560 642 14.
582 591 615 654 p.
626 576 699 638 618.
722 564 764 630 cl.
777 568 906 632 Wilkit
927 505 1189 637 dissertationem
1213 569 1317 632 adh.

175 664 181 673 “
233 589 259 720 1.
282 657 417 721 Vitenb.
440 663 557 733 1760),
580 654 636 716 sed
656 653 694 715 ad
716 655 817 718 ultum
835 655 994 718 molarum
1014 655 1202 739 strepitum3
1228 666 1319 716 certe

233 743 319 806 illud
344 764 386 816 ex
414 743 497 828 ipsis
530 742 638 804 verbis
671 740 746 802 elici
773 743 886 828 nequit
913 759 1017 826 nequo
1043 761 1062 802 e
1092 738 1158 802 Jcr.
1180 749 1238 816 25',
1263 751 1318 808 10.

234 830 365 914 probari
387 839 506 914 potest.
554 825 599 886 V.
623 834 676 895 23.
698 823 800 888 Noctu
814 827 962 888 lucernae
979 825 1088 888 nullae
1106 821 1240 906 fulgent
1254 845 1318 908 ne-

235 933 296 1000 que
318 915 431 1000 sponsi
451 929 651 998 sponsaeque
674 910 781 974 media
800 923 895 974 nocte
923 921 984 996 por
1005 911 1126 996 plateas
1153 913 1222 973 sibi
1242 912 1321 970 ·ob-

233 1001 323 1061 viam
343 1001 489 1062 cuntium
508 999 723 1082 comitumque
741 1017 855 1058 eorum
877 995 1015 1078 (Matth.
1038 1001 1091 1071 21,
1110 1000 1220 1073 6.·7.)
1243 995 1320 1056 lae-

225 1075 307 1146 titia
336 1087 554 1170 strepitusque
581 1081 721 1144 auditur.
768 1077 1067 1180 Adjunguntur¹in
1098 1082 1168 1144 line
1196 1101 1321 1149 causae

233 1189 358 1258 poenae
378 1167 494 1262 hujus,
516 1170 644 1230 brevius
665 1179 775 1230 tamon
796 1171 983 1231 enunciatue
1010 1167 1083 1252 quia
1111 1187 1209 1252 supra
1241 1187 1321 1228 sae-

233 1256 309 1340 pius
324 1251 495 1334 fusiusque
515 1254 694 1338 descriptae
713 1263 797 1315 sunt.
839 1249 1066 1316 Elocutionem
1093 1247 1145 1318 ὅτι
1178 1257 1212 1318 ot
1250 1256 1322 1336 ἔμ-

234 1339 336 1425 ποροί
357 1365 417 1408 ooo
437 1336 524 1406 duaa
544 1343 576 1404 ol
598 1337 798 1424 pernoscitur
817 1340 878 1412 τὶς
897 1338 958 1424 γῆς
985 1337 1080 1402 multi
1111 1339 1158 1399 ita
1178 1338 1321 1400 intelli-

795 1385 972 1488 ucdicatum
995 1417 1162 1488 continere
1194 1431 1321 1508 putent

141 1509 143 1520 '
232 1511 298 1572 hoc
317 1527 433 1573 serisu:
450 1507 631 1612 principcq
653 1515 769 1606 terroe
792 1527 865 1581 rem
895 1517 1008 1572 tecum
1028 1504 1251 1584 bubonam,
1280 1519 1320 1568 ut

130 1623 134 1630 ·
233 1604 412 1672 17,2.13‚
430 1605 462 1666 3.
496 1599 570 1678 μεθ
609 1615 650 1676 ης
678 1597 885 1676 ἐπᾳρνενσαν
914 1599 948 1662 oi
976 1596 1126 1679 βασιλεῖς
1154 1591 1220 1677 τῆς
1251 1595 1320 1677 γῆς

233 1679 355 1743 dictum
376 1691 454 1744 emt.
498 1665 560 1740 Sed
576 1687 786 1740 mercatorem
805 1676 870 1740 dici
891 1682 1033 1767 quirem
1051 1701 1122 1741 cnm
1138 1681 1319 1741 meretrice

232 1759 329 1828 hibet
362 1764 542 1828 inauditum
576 1783 709 1848 prorsus
742 1774 810 1840 est,
843 1785 975 1858 esseque
997 1772 1225 1827 *mercatores
1259 1765 1317 1825 hic

232 1871 332 1916 sensu
352 1852 486 1937 proprio
508 1847 739 1929 intelligendos
760 1860 830 1911 tum
844 1871 1012 1912 excomm
1025 1849 1193 1916 mentione
1209 1849 1318 1936 modo

230 1930 349 2034 injecta
373 1959 406 2000 r.
429 1947 480 2008 11.
503 1943 543 2006 15
562 1944 631 1996 turn
651 1954 694 1996 ex
714 1934 788 1998 loco
803 1933 890 1998 unde
902 1937 983 1998 haec
998 1935 1182 1998 enunciatio
1195 1935 1316 1996 hanna

232 2035 283 2086 ost
303 2021 375 2086 less
391 2031 444 2099 23,
463 2032 496 2092 8.
516 2019 595 2082 satis
618 2031 767 2104 apparst3
789 2031 935 2108 essetque
957 2032 1072 2106 postea
1092 2041 1161 2082 non
1176 2014 1236 2086 ὅτι
1255 2020 1314 2082 sed

229 2108 287 2174 tol
309 2109 464 2194 positum.
506 2103 610 2186 Igitur
636 2104 723 2189 quod
746 2127 810 2190 per
843 2127 879 2170 se
906 2108 1004 2170 etiam
1032 2103 1230 2168 tacflttmum
1253 2118 1314 2179 est,

230 2197 263 2259 oi
285 2197 367 2278 ἐμπ.
387 2216 416 2259 u.
437 2183 614 2287 subjectum
634 2191 807 2254 habeamus
828 2192 892 2254 boc
912 2209 1026 2257 sensu:
1049 2203 1115 2253 tam
1128 2193 1314 2255 immensae

228 2278 379 2340 luxuriae
397 2275 564 2340 indulsisti
587 2286 624 2338 ut
644 2287 835 2340 mercatores
856 2279 906 2339 tui
928 2299 1031 2363 opum
1052 2278 1181 2358 ingenti
1211 2279 1312 2362 copia

228 2365 342 2448 potiti*
357 2364 523 2448 principes
553 2372 662 2424 essent
682 2371 797 2425 terreo.
855 2361 1094 2449 Vituperatqus
1129 2374 1226 2426 vates
1254 2364 1311 2424 hic

228 2452 266 2512 in
285 2451 469 2545 fine‚·quae
490 2447 661 2532 potissima
678 2458 771 2524 sunt,
792 2450 913 2512 scalere
933 2449 1028 2512 Urbis
1049 2445 1140 2526 tria,
1161 2450 1308 2534 primum
1371 2459 1373 2474 ⁴

227 2536 344 2601 luxum
376 2553 589 2608 Immensum,
620 2553 717 2617 quern
744 2553 787 2596 ex
815 2535 968 2620 proxime
999 2534 1042 2598 tle
1074 2535 1307 2610 inescatoribus

229 2619 325 2684 dictis
355 2639 388 2680 r.
424 2627 560 2690 11-19.
587 2617 758 2694 describit,
792 2629 862 2682 tum
893 2621 980 2706 quod
1012 2619 1133 2686 artibus
1168 2622 1305 2702 magicis

186 2743 191 2750 -
227 2701 438 2806 (meppeteslo
457 2698 499 2764 ts.
519 2713 589 2766 not.
611 2701 649 2764 ad
670 2712 702 2778 9,
722 2713 782 2782 21;
804 2706 1030 2784 intelliguntur
1048 2706 1113 2766 hoc
1128 2705 1203 2769 loco
1222 2718 1308 2767 artes

228 2811 392 2876 irrrprrmrs
415 2788 543 2850 ornasiis
564 2787 761 2880 inebriandis
789 2801 822 2852 et
842 2789 1031 2854 seducendis
1058 2787 1166 2875 aptae)
1193 2803 1306 2872 gentas

227 2897 340 2942 omncs
359 2872 488 2938 seduxit
513 2874 638 2960 sibique
659 2874 811 2967 subiecit,
832 2888 868 2938 ut
890 2897 986 2961 supra
1006 2882 1055 2948 14,
1076 2886 1107 2943 8.
1129 2877 1195 2954 (17,
1219 2881 1304 2950 Μ,

227 2973 280 3036 18,
300 2959 335 3043 3)
356 2961 499 3046 imagine
525 2955 593 3022 sere
622 2959 732 3024 eadem
759 2959 880 3024 dictum
907 2974 993 3036 erat3
1024 2960 1162 3045 denique
1196 2983 1230 3022 v.
1251 2969 1304 3032 24.
1370 3011 1371 3020 ,

227 3043 313 3132 quod
343 3042 546 3106 Christianos
574 3044 797 3130 plurimosque
816 3048 915 3109 alios
941 3046 1114 3110 trucidavit
1142 3047 1304 3122 insontes,

160 3163 162 3173 ’
227 3171 307 3236 quae
318 3169 380 3244 ⁸res
397 3149 604 3235 potissimum
616 3150 779 3231 urguendo
793 3162 850 3212 cst.
883 3157 1015 3235 αἵματα
1039 3157 1131 3240 0³72]
1153 3149 1306 3238 sanguis

118 3235 121 3246 ¹
227 3253 369 3318 saeptus
385 3229 557 3320 profusus
579 3236 602 3294 i.
624 3255 653 3310 e.
675 3238 796 3297 crimen
819 3238 860 3297 ob
881 3231 990 3322 plures
1012 3239 1159 3300 insontes
1177 3239 1303 3298 occisos

225 3331 442 3394 contractumq
464 3319 527 3380 hoc
547 3320 728 3384 insontium
744 3319 888 3383 caedium
909 3317 1030 3384 crimsn'
1052 3321 1091 3383 in
1113 3341 1155 3384 ca
1177 3318 1303 3382 invers-

228 3411 304 3464 tum
320 3411 396 3479 est,
417 3403 537 3484 'negari
568 3407 693 3492 nequit.
747 3405 906 3469 Personas
935 3407 1103 3486 secundae
1121 3406 1303 3492 alloquium
1368 3487 1369 3490 Ἴ

225 3489 263 3551 in
283 3489 349 3550 fine
370 3489 407 3550 in
428 3491 556 3572 tertiam
576 3491 694 3554 mutari
715 3491 802 3554 haud
822 3493 953 3555 mirumss

312 3640 347 3705 C.
371 3641 512 3708 Proinde
533 3646 663 3710 tandem
685 3647 857 3743 aliquande
876 3605 1003 3734 tempus
1028 3623 1161 3726 advenit
1181 3642 1303 3706 dudum

116 3771 119 3784 .
224 3739 446 3814 exspectatum
466 3745 740 3829 939plalumqum
777 3757 840 3821 quo
862 3733 998 3796 Messias
1029 3732 1160 3817 ipsein
1183 3742 1301 3793 terram
1367 3769 1368 3802 q

224 3814 402 3877 adveniens
422 3825 491 3876 tum
511 3821 633 3902 smpios
655 3831 814 3905 quotquot
846 3821 966 3906 reliqui
996 3829 1071 3880 sunt
1100 3836 1215 3878 ornnes
1244 3816 1301 3876 de-
1367 3809 1368 3840 ¹

223 3899 323 3962 bellet
350 3913 575 3998 pernoveatquc
606 3915 676 3968 tum
704 3927 839 3985 regnum
867 3906 1009 3968 inchoet·
1029 3903 1188 3984 coeleste,
1224 3903 1300 3986 pio·

223 4005 295 4046 rum
316 3992 494 4069 praemrum
514 3999 647 4085 qustum.
697 3989 885 4069 latussim
917 3986 1016 4052 fracta
1036 3982 1119 4087 jacet
1140 3988 1302 4072 potentia,-
1366 4051 1367 4054 ,

223 4057 329 4130 diruta
357 4067 439 4132 Urbs
461 4069 623 4147 Romanas
654 4077 761 4138 territi
792 4077 966 4162 punitique·
997 4085 1072 4136 sunt
1103 4073 1203 4158 impii
1223 4073 1299 4158 plu-

224 4155 319 4232 rimi3
341 4176 399 4218 uec
421 4157 489 4220 nisi
510 4155 735 4226 Antichristus
764 4183 836 4228 cum
856 4156 928 4260 ejus
951 4161 1124 4224 comitibus
1145 4158 1298 4246 reliquis-

133 4257 512 4338 q
