2840 4690
137 283 140 292 ’
221 295 274 368 70
282 280 317 395 ’ΚΧ
420 281 478 354 De
503 289 650 352 auctore
683 278 766 353 libri
793 268 928 352 iudicia
950 274 1121 350 iuterua.'

146 447 157 470 ‘
226 466 394 554 calypseos
422 465 537 532 ¹indole
570 462 742 544 recedunt,
778 455 901 550 quippe
929 483 1013 548 quae
1038 460 1153 526 ¹eadem
1187 449 1309 548 ubique

227 570 354 637 ratione
391 568 633 636 enunciationes
669 567 767 650 hujus
794 567 922 653 generis
951 588 1012 655 per
1039 566 1228 634 hebraicum
1249 567 1308 644 uel

130 753 132 770 Ι
227 659 333 760 jungit
363 684 396 744 et
411 690 575 760 vpraesens
597 675 660 738 talc
681 665 873 746 historicum
895 690 1042 758 prorsus
1053 671 1192 759 ignorat.
1254 671 1309 738 si-

227 772 347 843 militer
375 775 410 844 in
432 799 491 861 ev.
509 777 698 866 saepissime.
715 777 820 842 oratio
842 775 889 842 sic
906 773 1067 847 adornata
1087 788 1152 856 est,
1179 787 1215 842 ut
1236 797 1311 840 ser-

228 877 321 968 moni
349 899 509 966 personae
529 905 611 970 quae
630 883 766 967 loquens
786 879 1020 958 introducitur,
1049 873 1103 953 iles
1124 871 1312 970 praepona-

229 995 286 1051 tur
309 985 364 1067 (ut
375 987 407 1064 4,
425 987 532 1068 33⁵9,
549 971 655 1069 9.19'·
675 999 728 1066 10,
747 992 801 1062 36·
824 989 876 1056 41·
898 988 1046 1064 1333).
1065 985 1241 1082 (iuml-³19³
1256 1007 1311 1050 ἓν·
1407 967 1408 1050 l

230 1101 361 1164 lantum
384 1089 464 1158 huic
480 1093 535 1158 secl
558 1091 710 1176 omnibus
731 1089 800 1158 sere
820 1087 893 1154 aevi
912 1087 995 1164 illius
1016 1089 1232 1178 scriptoribus
1258 1089 1312 1154 fa·
1369 1141 1374 1146 .

230 1193 356 1262 miliare
383 1194 420 1260 in
447 1217 502 1314 ap.
527 1195 641 1269 nullibi
662 1185 778 1264 txstac
827 1191 935 1272 Verbi
957 1184 1092 1268 ἀκούειν
1113 1193 1312 1268 constructio

194 1319 196 1326 ’
233 1321 311 1382 cum
336 1300 564 1399 genit.iuev.
588 1302 736 1388 tritalut
759 1302 1061 1380 13131243),
1089 1319 1165 1366 cum
1186 1295 1227 1362 ab
1249 1297 1316 1383 ἢθη·

233 1403 377 1478 braismo
398 1404 505 1480 aliena
521 1404 578 1484 sit,
599 1406 645 1473 in
655 1404 844 1494 aplustra
862 1403 1038 1490 quaeritur.
1079 1400 1230 1490 Hebraea
1248 1391 1314 1484 ιιι,-

214 1505 381 1572 'cabula
373 1508 559 1586 immiscens
580 1530 632 1582 ev.
651 1503 798 1577 addito‘o
816 1499 1037 1598 ἑρμηνεύεται
1050 1505 1196 1594 graecis
1196 1503 1314 1570 tleinde

164 1631 166 1641 ’
233 1611 374 1696 explicat
398 1613 448 1696 (ut
469 1626 500 1691 1,
518 1621 572 1686 33.
593 1619 647 1686 42
667 1621 750 1692 9,7.
774 1613 825 1678 cll.
847 1619 1000 1692 1313),
1023 1613 1139 1700 quain
1159 1633 1314 1686 resim

185 1759 191 1780 .
235 1713 320 1785 milis
342 1713 490 1797 videtur,
517 1728 553 1824 at
572 1716 676 1782 multo
695 1727 805 1783 tamen
826 1741 864 1785 re
885 1720 955 1808 ipsa
976 1729 1025 1800 est
1045 1717 1174 1784 diversa
1192 1738 1245 1806 ap.
1264 1717 1316 1784 cll.

234 1823 362 1910 pwso)
920 1881 924 1891 .

192 1925 195 1938 ’
321 1936 353 2004 3.
377 1926 440 1992 His
460 1913 582 1992 accedit
604 1923 689 1994 aliud
710 1925 845 2014 gravius
863 1927 971 1996 etiam.
1011 1927 1205 2007 Sermonem
1224 1926 1314 1990 enim

236 1981 322 2096 inter
349 2021 487 2118 utraque
512 2053 615 2118 opera
641 2031 687 2100 ibi
715 2034 864 2111 omnium
891 2015 1037 2096 maxime
1057 2030 1189 2109 differre
1211 2029 1315 2094 senti-

235 2155 328 2215 mus,
358 2134 415 2210 ubi
446 2135 487 2199 de
516 2135 763 2202 notionibus
792 2129 961 2204 divinis
992 2148 1033 2202 et
1062 2136 1315 2202 christianis

238 2240 358 2344 agitur.
401 2239 449 2307 Ut
477 2243 566 2306 enim
587 2239 752 2308 lohannes
773 2237 953 2328 Apostolus
981 2243 1094 2308 ceteris
1101 2241 1249 2347 quidem
1269 2243 1316 2310 Ν

238 2345 285 2429 Τ
304 2345 517 2433 scriptoribus
536 2347 600 2430 ‚(ita
619 2357 657 2411 ut
677 2346 796 2412 Paulus
816 2356 926 2409 tamen
946 2335 1119 2432 proximus
1142 2347 1172 2414 ei
1193 2346 1250 2428 sit)
1276 2344 1317 2410 de

131 2460 133 2466 ’
239 2447 371 2519 Clnisto
392 2450 525 2536 ejusque
545 2451 689 2521 doctrine
708 2449 896 2517 sublimiora
916 2449 1025 2514 omnia
1048 2451 1165 2531 sentit,
1184 2451 1231 2517 sic
1251 2451 1318 2516 lin-

240 2575 335 2647 guam
370 2575 500 2640 quoque
526 2555 602 2622 hoio
631 2577 809 2644 congruam
834 2552 990 2618 formavit
1014 2551 1076 2620 sibi
1096 2575 1234 2648 prorsus
1253 2577 1317 2644 pe-

110 2735 112 2740 ,
238 2653 394 2738 ¹culierem
423 2670 459 2746 et
485 2657 711 2740 constantem,
745 2681 843 2748 quam
865 2659 1083 2748 apocalypsis,
1115 2660 1143 2726 si
1171 2659 1317 2747 ejusdem

240 2756 397 2841 iohannis
423 2777 524 2846 esset,
556 2787 624 2830 non
645 2779 756 2854 posset
776 2784 845 2832 non
866 2764 1002 2830 eandem
1023 2762 1189 2830 exhibere.
1253 2757 1319 2831 sed

239 2891 400 2958 magnum
432 2869 485 2938 hic
520 2872 690 2960 utriusque
712 2871 825 2964 pperis
852 2871 1028 2938 discrimen
1057 2889 1242 2954 quanquam
1273 2891 1318 2935 ex

150 2968 153 2974 ’
241 2988 313 3054 tqto
334 2975 457 3042 facilius
477 2975 592 3044 habitu
610 2990 643 3044 et
664 2978 794 3065 ingenio
815 2999 1007 3064 cognoscas,
1027 2973 1185 3060 exemplis
1206 2984 1318 3041 tamen

241 3079 433 3166 quibusdam
452 3094 638 3146 monstrare
656 3083 758 3165 juvat.
798 3082 862 3148 Ev.
877 3093 909 3145 et
923 3103 999 3168 epp.
989 3071 1235 3168 .ιοοειιὸσιιος
1249 3101 1318 3144 ιιοιι

241 3185 368 3254 tantum
387 3187 499 3260 ceteris
522 3185 674 3253 omnihus
694 3189 739 3252 N.
747 3187 789 3252 T.
807 3184 935 3269 scriptis
950 3184 1055 3248 multo
1075 3185 1200 3270 saepius
1215 3198 1320 3250 utun-

242 3303 315 3372 tur,
336 3293 393 3358 sed
414 3291 549 3361 notione
571 3290 667 3356 etiam
688 3312 824 3377 prorsus
845 3289 1000 3380 singulari
1020 3287 1061 3352 de
1080 3287 1268 3368 hominibus
1285 3300 1320 3354 et

243 3393 340 3472 rebus
368 3418 387 3460 a
413 3395 547 3460 Christo
568 3408 601 3460 et
622 3395 694 3462 veri
708 3393 858 3468 ‚nominis
881 3393 1090 3476 Christianis,
1123 3415 1204 3460 vero
1224 3391 1320 3468 ‹leni-

245 3521 308 3586 que
330 3510 363 3564 et
389 3499 532 3588 ingenuo
558 3499 686 3578 alieuis3
720 3507 783 3584 qua
810 3520 893 3562 voce
915 3499 1056 3576 iohanni
1078 3498 1224 3565 adamata
1243 3513 1320 3583 tan-

244 3617 319 3676 tum
339 3603 429 3668 abest
449 3616 488 3670 ut
509 3625 600 3690 apoc.
615 3603 666 3672 ,acl
690 3602 773 3676 hanc
797 3603 986 3684 notionem,
1007 3604 1058 3669 cui
1078 3606 1206 3692 saepius
1227 3606 1320 3670 locus

132 3727 143 3755 ⁸
243 3706 355 3776 fuisset
375 3708 528 3788 idoneus,
548 3707 794 3794 exprimendam
815 3719 943 3788 utatur,
961 3723 997 3774 ut
1018 3710 1153 3774 omnino
1172 3721 1222 3776 ter
1243 3722 1322 3775 tan·-
1364 3695 1369 3712 ⁴

244 3826 318 3878 tum
337 3813 470 3878 notione
493 3814 620 3901 vulgari
646 3814 697 3894 (αἱ
719 3815 887 3899 βασιλεῖαι
908 3807 1118 3916 ,τούκόσμιιιι
1141 3805 1266 3896 11,15·
1287 3827 1322 3880 et
1362 3839 1365 3844 '

245 3909 314 3986 sirm
305 3911 523 4006 καταβολῆς
544 3921 604 3988 τοι]
622 3912 750 4007 κόσμου
773 3930 875 3997 13,8·
897 3929 947 3998 17,
968 3929 1007 3999 83
1028 3911 1183 4008 contraq‘
1206 3927 1323 3998 οἰκου-

243 4024 392 4110 pisoy&
403 4037 455 4095 10·
475 4035 573 4104 129·
598 4032 645 4107 16,
668 4032 720 4098 14.
743 4047 810 4088 vox
833 4037 881 4088 cst
902 4046 954 4088 ev.
975 4037 1007 4092 et
1027 4047 1102 4114 epp.
1122 4026 1249 4112 ignota)
1271 4027 1323 4090 le-

242 4139 357 4216 gatum
391 4141 490 4215 utque
512 4129 593 4218 sicut
616 4127 650 4194 in
674 4129 771 4214 liujus
794 4130 883 4196 vocis
905 4131 1037 4231 notione
1059 4141 1092 4196 et
1119 4153 1180 4196 usu
1197 4131 1322 4232 'Paulus
