<?xml version="1.0" encoding="UTF-8"?>
<!DOCTYPE html PUBLIC "-//W3C//DTD XHTML 1.0 Transitional//EN"
    "http://www.w3.org/TR/xhtml1/DTD/xhtml1-transitional.dtd">
<html xmlns="http://www.w3.org/1999/xhtml" xml:lang="en" lang="en">
 <head>
  <title>
</title>
<meta http-equiv="Content-Type" content="text/html;charset=utf-8" />
  <meta name='ocr-system' content='tesseract 3.04.00' />
  <meta name='ocr-capabilities' content='ocr_page ocr_carea ocr_par ocr_line ocrx_word'/>
</head>
<body>
  <div class='ocr_page' id='page_1' title='image "./commentariusina01ewalgoog_0086.png"; bbox 0 0 2840 4690; ppageno 0'>
   <div class='ocr_carea' id='block_1_1' title="bbox 229 285 1240 406">
    <p class='ocr_par' dir='ltr' id='par_1_1' title="bbox 229 285 1240 410">
     <span class='ocr_line' id='line_1_1' title="bbox 229 285 1240 406; baseline -0.076 -2"><span class='ocrx_word' id='word_1_1' title='bbox 229 365 238 374; x_wconf 89' lang='lat'><em>·</em></span> <span class='ocrx_word' id='word_1_2' title='bbox 441 285 870 406; x_wconf 33' lang='lat' dir='ltr'>*De&#39;auetorelibri</span> <span class='ocrx_word' id='word_1_3' title='bbox 982 335 983 340; x_wconf 19' lang='grc' dir='ltr'><strong>ι</strong></span> <span class='ocrx_word' id='word_1_4' title='bbox 1130 317 1240 402; x_wconf 72' lang='lat'>79.</span> 
     </span>
    </p>
   </div>
   <div class='ocr_carea' id='block_1_2' title="bbox 37 481 1230 579">
    <p class='ocr_par' dir='ltr' id='par_1_2' title="bbox 37 481 1230 579">
     <span class='ocr_line' id='line_1_2' title="bbox 37 481 1230 579; baseline 0.003 -26"><span class='ocrx_word' id='word_1_5' title='bbox 37 507 44 517; x_wconf 75' lang='grc'><strong>’</strong></span> <span class='ocrx_word' id='word_1_6' title='bbox 109 485 337 574; x_wconf 82' lang='lat' dir='ltr'>recentioribus</span> <span class='ocrx_word' id='word_1_7' title='bbox 366 481 568 578; x_wconf 79' lang='lat' dir='ltr'>temporibus</span> <span class='ocrx_word' id='word_1_8' title='bbox 596 481 785 556; x_wconf 83' lang='lat' dir='ltr'>resuscitare</span> <span class='ocrx_word' id='word_1_9' title='bbox 802 499 838 554; x_wconf 87' lang='lat' dir='ltr'>et</span> <span class='ocrx_word' id='word_1_10' title='bbox 863 488 959 556; x_wconf 87' lang='lat' dir='ltr'>novis</span> <span class='ocrx_word' id='word_1_11' title='bbox 979 493 1178 579; x_wconf 76' lang='lat' dir='ltr'><strong>argumentis</strong></span> <span class='ocrx_word' id='word_1_12' title='bbox 1227 483 1230 492; x_wconf 42' lang='lat'>¹</span> 
     </span>
    </p>
   </div>
   <div class='ocr_carea' id='block_1_3' title="bbox 108 591 1290 684">
    <p class='ocr_par' dir='ltr' id='par_1_3' title="bbox 108 591 1290 684">
     <span class='ocr_line' id='line_1_3' title="bbox 108 591 1290 684; baseline 0.005 -28"><span class='ocrx_word' id='word_1_13' title='bbox 108 591 278 658; x_wconf 84' lang='lat' dir='ltr'>defendere</span> <span class='ocrx_word' id='word_1_14' title='bbox 310 594 417 662; x_wconf 84' lang='lat' dir='ltr'>conati</span> <span class='ocrx_word' id='word_1_15' title='bbox 444 607 522 660; x_wconf 89' lang='lat' dir='ltr'>sunt</span> <span class='ocrx_word' id='word_1_16' title='bbox 542 593 626 676; x_wconf 86' lang='lat'>¹),</span> <span class='ocrx_word' id='word_1_17' title='bbox 616 595 640 659; x_wconf 83' lang='grc' dir='ltr'>ιι</span> <span class='ocrx_word' id='word_1_18' title='bbox 667 599 747 658; x_wconf 80' lang='lat' dir='ltr'>sane</span> <span class='ocrx_word' id='word_1_19' title='bbox 774 614 795 658; x_wconf 89' lang='lat' dir='ltr'>a</span> <span class='ocrx_word' id='word_1_20' title='bbox 821 615 904 659; x_wconf 77' lang='lat' dir='ltr'>vero</span> <span class='ocrx_word' id='word_1_21' title='bbox 924 599 1041 684; x_wconf 82' lang='lat' dir='ltr'>procul</span> <span class='ocrx_word' id='word_1_22' title='bbox 1061 597 1180 671; x_wconf 69' lang='lat' dir='ltr'>absolu</span> <span class='ocrx_word' id='word_1_23' title='bbox 1284 597 1290 614; x_wconf 62' lang='lat'>⁸</span> 
     </span>
    </p>
   </div>
   <div class='ocr_carea' id='block_1_4' title="bbox 107 697 1238 1000">
    <p class='ocr_par' dir='ltr' id='par_1_4' title="bbox 107 697 1238 1000">
     <span class='ocr_line' id='line_1_4' title="bbox 107 697 1180 810; baseline 0.002 -44"><span class='ocrx_word' id='word_1_24' title='bbox 107 698 225 786; x_wconf 83' lang='lat' dir='ltr'>librum</span> <span class='ocrx_word' id='word_1_25' title='bbox 247 699 396 810; x_wconf 84' lang='lat' dir='ltr'>spurium</span> <span class='ocrx_word' id='word_1_26' title='bbox 418 721 490 764; x_wconf 87' lang='lat' dir='ltr'>esse</span> <span class='ocrx_word' id='word_1_27' title='bbox 508 708 633 766; x_wconf 84' lang='lat' dir='ltr'>temere</span> <span class='ocrx_word' id='word_1_28' title='bbox 649 697 715 764; x_wconf 84' lang='lat' dir='ltr'>sibi</span> <span class='ocrx_word' id='word_1_29' title='bbox 734 699 965 802; x_wconf 76' lang='lat' dir='ltr'>persuadentes</span> <span class='ocrx_word' id='word_1_30' title='bbox 984 715 1061 782; x_wconf 84' lang='lat' dir='ltr'>nec,</span> <span class='ocrx_word' id='word_1_31' title='bbox 1083 725 1180 790; x_wconf 87' lang='lat' dir='ltr'>quam</span> 
     </span>
     <span class='ocr_line' id='line_1_5' title="bbox 107 801 1180 894; baseline 0.001 -23"><span class='ocrx_word' id='word_1_32' title='bbox 107 809 189 872; x_wconf 87' lang='lat' dir='ltr'>mala</span> <span class='ocrx_word' id='word_1_33' title='bbox 216 804 280 870; x_wconf 87' lang='lat' dir='ltr'>fide</span> <span class='ocrx_word' id='word_1_34' title='bbox 306 803 433 869; x_wconf 72' lang='lat' dir='ltr'>reseres</span> <span class='ocrx_word' id='word_1_35' title='bbox 459 803 514 872; x_wconf 83' lang='lat' dir='ltr'>isti</span> <span class='ocrx_word' id='word_1_36' title='bbox 539 801 636 891; x_wconf 83' lang='lat' dir='ltr'>pauci</span> <span class='ocrx_word' id='word_1_37' title='bbox 666 815 775 894; x_wconf 86' lang='lat' dir='ltr'>patres</span> <span class='ocrx_word' id='word_1_38' title='bbox 804 804 847 870; x_wconf 88' lang='lat' dir='ltr'>de</span> <span class='ocrx_word' id='word_1_39' title='bbox 867 801 1027 871; x_wconf 81' lang='lat' dir='ltr'>Cerintho</span> <span class='ocrx_word' id='word_1_40' title='bbox 1045 820 1180 872; x_wconf 81' lang='lat' dir='ltr'>uectore</span> 
     </span>
     <span class='ocr_line' id='line_1_6' title="bbox 107 907 1238 1000; baseline -0.001 -20"><span class='ocrx_word' id='word_1_41' title='bbox 107 915 295 1000; x_wconf 78' lang='lat' dir='ltr'>loquantur,</span> <span class='ocrx_word' id='word_1_42' title='bbox 324 925 437 978; x_wconf 81' lang='lat' dir='ltr'>serum</span> <span class='ocrx_word' id='word_1_43' title='bbox 455 920 654 996; x_wconf 80' lang='lat' dir='ltr'>reputantes.</span> <span class='ocrx_word' id='word_1_44' title='bbox 697 907 830 998; x_wconf 77' lang='lat' dir='ltr'>Igitur·</span> <span class='ocrx_word' id='word_1_45' title='bbox 821 935 856 977; x_wconf 88' lang='grc' dir='ltr'>ιιι</span> <span class='ocrx_word' id='word_1_46' title='bbox 874 907 1043 976; x_wconf 77' lang='lat' dir='ltr'>auctorem</span> <span class='ocrx_word' id='word_1_47' title='bbox 1060 913 1180 979; x_wconf 81' lang='lat' dir='ltr'>distin</span> <span class='ocrx_word' id='word_1_48' title='bbox 1235 927 1238 934; x_wconf 64' lang='lat'><strong>⁴</strong></span> 
     </span>
    </p>
   </div>
   <div class='ocr_carea' id='block_1_5' title="bbox 109 1013 1388 1119">
    <p class='ocr_par' dir='ltr' id='par_1_5' title="bbox 109 1013 1388 1119">
     <span class='ocr_line' id='line_1_7' title="bbox 109 1013 1388 1119; baseline -0.002 -37"><span class='ocrx_word' id='word_1_49' title='bbox 109 1019 189 1082; x_wconf 86' lang='lat' dir='ltr'>otius</span> <span class='ocrx_word' id='word_1_50' title='bbox 216 1014 478 1103; x_wconf 81' lang='lat' dir='ltr'>cognoscendum</span> <span class='ocrx_word' id='word_1_51' title='bbox 504 1013 670 1100; x_wconf 79' lang='lat' dir='ltr'>inquirere</span> <span class='ocrx_word' id='word_1_52' title='bbox 690 1014 954 1119; x_wconf 75' lang='lat' dir='ltr'>desinamus&#39;‚·1&#39;n</span> <span class='ocrx_word' id='word_1_53' title='bbox 975 1017 1072 1082; x_wconf 92' lang='lat' dir='ltr'>rebus</span> <span class='ocrx_word' id='word_1_54' title='bbox 1092 1019 1180 1084; x_wconf 79' lang='lat' dir='ltr'>enti-</span> <span class='ocrx_word' id='word_1_55' title='bbox 1228 1069 1231 1092; x_wconf 65' lang='grc'><strong>.</strong></span> <span class='ocrx_word' id='word_1_56' title='bbox 1302 1033 1322 1096; x_wconf 35' lang='grc' dir='ltr'>Ι·</span> <span class='ocrx_word' id='word_1_57' title='bbox 1385 1021 1388 1033; x_wconf 91' lang='grc'><strong>’</strong></span> 
     </span>
    </p>
   </div>
   <div class='ocr_carea' id='block_1_6' title="bbox 83 1112 1253 1835">
    <p class='ocr_par' dir='ltr' id='par_1_6' title="bbox 101 1112 1253 1732">
     <span class='ocr_line' id='line_1_8' title="bbox 109 1112 1178 1209; baseline 0.003 -23"><span class='ocrx_word' id='word_1_58' title='bbox 109 1121 251 1209; x_wconf 82' lang='lat' dir='ltr'>quitatis,</span> <span class='ocrx_word' id='word_1_59' title='bbox 273 1123 345 1206; x_wconf 83' lang='lat' dir='ltr'>&#39;quis</span> <span class='ocrx_word' id='word_1_60' title='bbox 362 1112 477 1206; x_wconf 85' lang='lat' dir='ltr'>scripti</span> <span class='ocrx_word' id='word_1_61' title='bbox 491 1115 585 1183; x_wconf 88' lang='lat' dir='ltr'>ullius</span> <span class='ocrx_word' id='word_1_62' title='bbox 594 1130 709 1184; x_wconf 78' lang='lat' dir='ltr'>auctor</span> <span class='ocrx_word' id='word_1_63' title='bbox 726 1139 799 1183; x_wconf 88' lang='lat' dir='ltr'>esse</span> <span class='ocrx_word' id='word_1_64' title='bbox 816 1130 975 1206; x_wconf 81' lang='lat' dir='ltr'>nequeat,</span> <span class='ocrx_word' id='word_1_65' title='bbox 994 1139 1093 1207; x_wconf 88' lang='lat' dir='ltr'>quam</span> <span class='ocrx_word' id='word_1_66' title='bbox 1107 1124 1178 1208; x_wconf 84' lang='lat' dir='ltr'>quis</span> 
     </span>
     <span class='ocr_line' id='line_1_9' title="bbox 109 1199 1178 1336; baseline 0.002 -45"><span class='ocrx_word' id='word_1_67' title='bbox 109 1226 216 1306; x_wconf 85' lang='lat' dir='ltr'>fuerit,</span> <span class='ocrx_word' id='word_1_68' title='bbox 229 1247 322 1290; x_wconf 84' lang='lat' dir='ltr'>nuno</span> <span class='ocrx_word' id='word_1_69' title='bbox 336 1219 469 1311; x_wconf 77' lang='lat' dir='ltr'>quidem</span> <span class='ocrx_word' id='word_1_70' title='bbox 490 1199 612 1288; x_wconf 73' lang='lat' dir='ltr'>facilius</span> <span class='ocrx_word' id='word_1_71' title='bbox 625 1237 659 1288; x_wconf 87' lang='lat' dir='ltr'>et</span> <span class='ocrx_word' id='word_1_72' title='bbox 668 1225 790 1290; x_wconf 82' lang='lat' dir='ltr'>certius</span> <span class='ocrx_word' id='word_1_73' title='bbox 803 1245 862 1289; x_wconf 92' lang='lat' dir='ltr'>nos</span> <span class='ocrx_word' id='word_1_74' title='bbox 873 1225 1068 1336; x_wconf 70' lang='lat' dir='ltr'>investigem</span> <span class='ocrx_word' id='word_1_75' title='bbox 1081 1249 1178 1314; x_wconf 87' lang='lat' dir='ltr'>posse</span> 
     </span>
     <span class='ocr_line' id='line_1_10' title="bbox 110 1321 1179 1419; baseline -0.002 -21"><span class='ocrx_word' id='word_1_76' title='bbox 110 1333 294 1419; x_wconf 80' lang='lat' dir='ltr'>cogitantes.</span> <span class='ocrx_word' id='word_1_77' title='bbox 347 1327 486 1394; x_wconf 88' lang='lat' dir='ltr'>Librum</span> <span class='ocrx_word' id='word_1_78' title='bbox 508 1347 590 1392; x_wconf 86' lang='lat' dir='ltr'>vero</span> <span class='ocrx_word' id='word_1_79' title='bbox 608 1330 638 1394; x_wconf 79' lang='grc' dir='ltr'>ἐι</span> <span class='ocrx_word' id='word_1_80' title='bbox 659 1349 727 1394; x_wconf 87' lang='grc' dir='ltr'><strong>ιιοιι</strong></span> <span class='ocrx_word' id='word_1_81' title='bbox 752 1331 921 1417; x_wconf 80' lang='lat' dir='ltr'>spurium,</span> <span class='ocrx_word' id='word_1_82' title='bbox 955 1321 1011 1396; x_wconf 87' lang='lat' dir='ltr'>sed</span> <span class='ocrx_word' id='word_1_83' title='bbox 1032 1336 1179 1419; x_wconf 88' lang='lat' dir='ltr'>apostolo</span> 
     </span>
     <span class='ocr_line' id='line_1_11' title="bbox 101 1418 1180 1517; baseline -0.003 -15"><span class='ocrx_word' id='word_1_84' title='bbox 101 1418 219 1504; x_wconf 30' lang='lat' dir='ltr'>&#39;tamen</span> <span class='ocrx_word' id='word_1_85' title='bbox 247 1454 316 1499; x_wconf 91' lang='lat' dir='ltr'>nou</span> <span class='ocrx_word' id='word_1_86' title='bbox 336 1426 547 1499; x_wconf 88' lang='lat' dir='ltr'>tribuendum</span> <span class='ocrx_word' id='word_1_87' title='bbox 567 1455 639 1498; x_wconf 85' lang='lat' dir='ltr'>esse</span> <span class='ocrx_word' id='word_1_88' title='bbox 654 1435 840 1517; x_wconf 86' lang='lat' dir='ltr'>statuimus,</span> <span class='ocrx_word' id='word_1_89' title='bbox 868 1435 948 1500; x_wconf 90' lang='lat' dir='ltr'>nibil</span> <span class='ocrx_word' id='word_1_90' title='bbox 968 1434 1044 1500; x_wconf 88' lang='lat' dir='ltr'>inde</span> <span class='ocrx_word' id='word_1_91' title='bbox 1063 1449 1180 1501; x_wconf 85' lang='lat' dir='ltr'>aucto</span> 
     </span>
     <span class='ocr_line' id='line_1_12' title="bbox 108 1519 1253 1645; baseline -0.001 -39"><span class='ocrx_word' id='word_1_92' title='bbox 108 1541 195 1607; x_wconf 87' lang='lat' dir='ltr'>ritati</span> <span class='ocrx_word' id='word_1_93' title='bbox 214 1541 282 1645; x_wconf 85' lang='lat' dir='ltr'>eju&#39;s</span> <span class='ocrx_word' id='word_1_94' title='bbox 302 1534 510 1604; x_wconf 71' lang='lat' dir='ltr'>detrahitur</span> <span class='ocrx_word' id='word_1_95' title='bbox 497 1552 608 1622; x_wconf 60' lang='lat' dir='ltr'>iustae.</span> <span class='ocrx_word' id='word_1_96' title='bbox 648 1539 755 1620; x_wconf 87' lang='lat' dir='ltr'>Nam,</span> <span class='ocrx_word' id='word_1_97' title='bbox 772 1551 853 1604; x_wconf 79' lang='lat' dir='ltr'>eunt·</span> <span class='ocrx_word' id='word_1_98' title='bbox 870 1539 1008 1624; x_wconf 82' lang='lat' dir='ltr'>omnino</span> <span class='ocrx_word' id='word_1_99' title='bbox 1026 1539 1101 1605; x_wconf 88' lang='lat' dir='ltr'>libri</span> <span class='ocrx_word' id='word_1_100' title='bbox 1120 1561 1181 1605; x_wconf 88' lang='lat' dir='ltr'>cu·</span> <span class='ocrx_word' id='word_1_101' title='bbox 1214 1519 1253 1604; x_wconf 33' lang='grc' dir='ltr'>,ι</span> 
     </span>
     <span class='ocr_line' id='line_1_13' title="bbox 109 1625 1207 1746; baseline -0.001 -36"><span class='ocrx_word' id='word_1_102' title='bbox 109 1641 257 1746; x_wconf 81' lang='lat' dir='ltr'>jpsdam</span> <span class='ocrx_word' id='word_1_103' title='bbox 265 1643 349 1708; x_wconf 84' lang='lat' dir='ltr'>sacri</span> <span class='ocrx_word' id='word_1_104' title='bbox 374 1639 516 1735; x_wconf 86' lang='lat' dir='ltr'>gravitas</span> <span class='ocrx_word' id='word_1_105' title='bbox 538 1661 605 1706; x_wconf 90' lang='lat' dir='ltr'>non</span> <span class='ocrx_word' id='word_1_106' title='bbox 623 1625 694 1705; x_wconf 81' lang='lat' dir='ltr'>ub</span> <span class='ocrx_word' id='word_1_107' title='bbox 675 1628 834 1725; x_wconf 85' lang='lat' dir='ltr'>auctore,</span> <span class='ocrx_word' id='word_1_108' title='bbox 854 1645 911 1709; x_wconf 85' lang='lat' dir='ltr'>sed</span> <span class='ocrx_word' id='word_1_109' title='bbox 929 1642 969 1710; x_wconf 82' lang='lat' dir='ltr'>ab</span> <span class='ocrx_word' id='word_1_110' title='bbox 988 1643 1207 1732; x_wconf 49' lang='lat' dir='ltr'>argumento*</span> 
     </span>
    </p>

    <p class='ocr_par' dir='ltr' id='par_1_7' title="bbox 83 1725 1253 1835">
     <span class='ocr_line' id='line_1_14' title="bbox 83 1725 1253 1835; baseline 0.003 -23"><span class='ocrx_word' id='word_1_111' title='bbox 83 1822 87 1830; x_wconf 29' lang='grc'>,</span> <span class='ocrx_word' id='word_1_112' title='bbox 110 1725 239 1834; x_wconf 86' lang='lat' dir='ltr'>tbtaque</span> <span class='ocrx_word' id='word_1_113' title='bbox 258 1748 366 1814; x_wconf 90' lang='lat' dir='ltr'>indole</span> <span class='ocrx_word' id='word_1_114' title='bbox 391 1771 452 1812; x_wconf 86' lang='lat' dir='ltr'>sua</span> <span class='ocrx_word' id='word_1_115' title='bbox 477 1742 580 1834; x_wconf 86' lang='lat' dir='ltr'>proba</span> <span class='ocrx_word' id='word_1_116' title='bbox 603 1747 655 1812; x_wconf 86' lang='lat' dir='ltr'>sui</span> <span class='ocrx_word' id='word_1_117' title='bbox 675 1746 745 1835; x_wconf 85' lang='lat' dir='ltr'>ipsa</span> <span class='ocrx_word' id='word_1_118' title='bbox 764 1737 978 1835; x_wconf 78' lang='lat' dir='ltr'>patrocinium</span> <span class='ocrx_word' id='word_1_119' title='bbox 1003 1751 1192 1818; x_wconf 83' lang='lat' dir='ltr'>sustiuente·</span> <span class='ocrx_word' id='word_1_120' title='bbox 1251 1751 1253 1758; x_wconf 50' lang='lat'><strong><em>⁴</em></strong></span> 
     </span>
    </p>
   </div>
   <div class='ocr_carea' id='block_1_7' title="bbox 9 1849 1211 1944">
    <p class='ocr_par' dir='ltr' id='par_1_8' title="bbox 9 1849 1211 1944">
     <span class='ocr_line' id='line_1_15' title="bbox 9 1849 1211 1944; baseline 0.003 -26"><span class='ocrx_word' id='word_1_121' title='bbox 9 1883 14 1896; x_wconf 94' lang='lat'><strong>·</strong></span> <span class='ocrx_word' id='word_1_122' title='bbox 108 1853 264 1943; x_wconf 87' lang='lat' dir='ltr'>pendeat,</span> <span class='ocrx_word' id='word_1_123' title='bbox 283 1850 330 1918; x_wconf 87' lang='lat' dir='ltr'>nil</span> <span class='ocrx_word' id='word_1_124' title='bbox 348 1849 486 1918; x_wconf 88' lang='lat' dir='ltr'>omnino</span> <span class='ocrx_word' id='word_1_125' title='bbox 506 1853 590 1918; x_wconf 89' lang='lat' dir='ltr'>libro</span> <span class='ocrx_word' id='word_1_126' title='bbox 610 1851 719 1917; x_wconf 87' lang='lat' dir='ltr'>huic</span> <span class='ocrx_word' id='word_1_127' title='bbox 710 1869 807 1936; x_wconf 86' lang='lat' dir='ltr'>mest,</span> <span class='ocrx_word' id='word_1_128' title='bbox 825 1855 913 1942; x_wconf 89' lang='lat' dir='ltr'>quod</span> <span class='ocrx_word' id='word_1_129' title='bbox 932 1857 1090 1944; x_wconf 88' lang='lat' dir='ltr'>plurimos</span> <span class='ocrx_word' id='word_1_130' title='bbox 1109 1855 1183 1922; x_wconf 89' lang='lat' dir='ltr'>aevi</span> <span class='ocrx_word' id='word_1_131' title='bbox 1207 1867 1211 1876; x_wconf 78' lang='grc'><em>“</em></span> 
     </span>
    </p>
   </div>
   <div class='ocr_carea' id='block_1_8' title="bbox 109 1952 1255 2884">
    <p class='ocr_par' dir='ltr' id='par_1_9' title="bbox 109 1952 1255 2884">
     <span class='ocr_line' id='line_1_16' title="bbox 111 1952 1220 2047; baseline -0.003 -21"><span class='ocrx_word' id='word_1_132' title='bbox 111 1960 195 2026; x_wconf 90' lang='lat' dir='ltr'>illius</span> <span class='ocrx_word' id='word_1_133' title='bbox 224 1952 425 2025; x_wconf 71' lang='lat' dir='ltr'>Christianos</span> <span class='ocrx_word' id='word_1_134' title='bbox 454 1979 522 2022; x_wconf 89' lang='lat' dir='ltr'>non</span> <span class='ocrx_word' id='word_1_135' title='bbox 554 1955 642 2023; x_wconf 89' lang='lat' dir='ltr'>idem</span> <span class='ocrx_word' id='word_1_136' title='bbox 668 1954 806 2022; x_wconf 82' lang='lat' dir='ltr'>sensisse</span> <span class='ocrx_word' id='word_1_137' title='bbox 829 1973 943 2046; x_wconf 68' lang='lat' dir='ltr'>putes}</span> <span class='ocrx_word' id='word_1_138' title='bbox 975 1979 1121 2047; x_wconf 86' lang='lat' dir='ltr'>quaeque</span> <span class='ocrx_word' id='word_1_139' title='bbox 1142 1961 1184 2024; x_wconf 82' lang='lat' dir='ltr'>ad</span> <span class='ocrx_word' id='word_1_140' title='bbox 1216 1963 1220 1975; x_wconf 81' lang='grc'><strong>“</strong></span> 
     </span>
     <span class='ocr_line' id='line_1_17' title="bbox 110 2055 1186 2152; baseline -0.002 -22"><span class='ocrx_word' id='word_1_141' title='bbox 110 2069 248 2136; x_wconf 84' lang='lat' dir='ltr'>miseros</span> <span class='ocrx_word' id='word_1_142' title='bbox 267 2055 407 2128; x_wconf 77' lang='lat' dir='ltr'>roseros</span> <span class='ocrx_word' id='word_1_143' title='bbox 425 2061 576 2127; x_wconf 85' lang='lat' dir='ltr'>solandos</span> <span class='ocrx_word' id='word_1_144' title='bbox 595 2061 708 2145; x_wconf 84' lang='lat' dir='ltr'>affert,</span> <span class='ocrx_word' id='word_1_145' title='bbox 729 2086 775 2129; x_wconf 85' lang='lat' dir='ltr'>ea·</span> <span class='ocrx_word' id='word_1_146' title='bbox 788 2061 857 2152; x_wconf 87' lang='lat' dir='ltr'>ipsa</span> <span class='ocrx_word' id='word_1_147' title='bbox 875 2084 940 2150; x_wconf 84' lang='lat' dir='ltr'>qua</span> <span class='ocrx_word' id='word_1_148' title='bbox 960 2063 1088 2150; x_wconf 88' lang='lat' dir='ltr'>depicta</span> <span class='ocrx_word' id='word_1_149' title='bbox 1107 2075 1186 2130; x_wconf 85' lang='lat' dir='ltr'>sunt</span> 
     </span>
     <span class='ocr_line' id='line_1_18' title="bbox 111 2160 1255 2256; baseline -0.007 -19"><span class='ocrx_word' id='word_1_150' title='bbox 111 2173 316 2238; x_wconf 81' lang='lat' dir='ltr'>formatum</span> <span class='ocrx_word' id='word_1_151' title='bbox 340 2165 475 2256; x_wconf 78' lang='lat' dir='ltr'>quidem</span> <span class='ocrx_word' id='word_1_152' title='bbox 502 2160 678 2252; x_wconf 73' lang='lat' dir='ltr'>plurimam</span> <span class='ocrx_word' id='word_1_153' title='bbox 706 2169 777 2232; x_wconf 89' lang='lat' dir='ltr'>vim</span> <span class='ocrx_word' id='word_1_154' title='bbox 806 2166 1079 2253; x_wconf 81' lang='lat' dir='ltr'>habuissepatet.</span> <span class='ocrx_word' id='word_1_155' title='bbox 1139 2168 1184 2232; x_wconf 83' lang='lat' dir='ltr'>Et</span> <span class='ocrx_word' id='word_1_156' title='bbox 1250 2202 1255 2229; x_wconf 86' lang='lat' dir='ltr'>t</span> 
     </span>
     <span class='ocr_line' id='line_1_19' title="bbox 112 2263 1183 2366; baseline -0.008 -22"><span class='ocrx_word' id='word_1_157' title='bbox 112 2299 298 2366; x_wconf 78' lang='lat' dir='ltr'>quanquam</span> <span class='ocrx_word' id='word_1_158' title='bbox 319 2273 437 2361; x_wconf 86' lang='lat' dir='ltr'>nostris</span> <span class='ocrx_word' id='word_1_159' title='bbox 456 2263 658 2357; x_wconf 73' lang='lat' dir='ltr'>‘temporibus</span> <span class='ocrx_word' id='word_1_160' title='bbox 678 2285 795 2358; x_wconf 79' lang='lat' dir='ltr'>paucas</span> <span class='ocrx_word' id='word_1_161' title='bbox 814 2281 943 2336; x_wconf 85' lang='lat' dir='ltr'>tantum</span> <span class='ocrx_word' id='word_1_162' title='bbox 961 2291 1003 2336; x_wconf 88' lang='lat' dir='ltr'>ex</span> <span class='ocrx_word' id='word_1_163' title='bbox 1020 2269 1183 2336; x_wconf 82' lang='lat' dir='ltr'>hoolibro</span> 
     </span>
     <span class='ocr_line' id='line_1_20' title="bbox 111 2373 1184 2465; baseline -0.007 -17"><span class='ocrx_word' id='word_1_164' title='bbox 111 2383 198 2449; x_wconf 86' lang='lat' dir='ltr'>ideas</span> <span class='ocrx_word' id='word_1_165' title='bbox 232 2381 267 2446; x_wconf 91' lang='lat' dir='ltr'>in</span> <span class='ocrx_word' id='word_1_166' title='bbox 299 2379 391 2465; x_wconf 73' lang='lat' dir='ltr'>vulgi</span> <span class='ocrx_word' id='word_1_167' title='bbox 420 2398 517 2442; x_wconf 79' lang='lat' dir='ltr'>usum</span> <span class='ocrx_word' id='word_1_168' title='bbox 535 2373 683 2442; x_wconf 67' lang='lat' dir='ltr'>adhiberi</span> <span class='ocrx_word' id='word_1_169' title='bbox 708 2395 805 2464; x_wconf 86' lang='lat' dir='ltr'>posse</span> <span class='ocrx_word' id='word_1_170' title='bbox 824 2374 957 2464; x_wconf 84' lang='lat' dir='ltr'>plurimi</span> <span class='ocrx_word' id='word_1_171' title='bbox 980 2375 1052 2460; x_wconf 85' lang='lat' dir='ltr'>jure</span> <span class='ocrx_word' id='word_1_172' title='bbox 1072 2375 1184 2447; x_wconf 84' lang='lat' dir='ltr'>lorsan</span> 
     </span>
     <span class='ocr_line' id='line_1_21' title="bbox 111 2469 1184 2572; baseline -0.006 -19"><span class='ocrx_word' id='word_1_173' title='bbox 111 2469 270 2566; x_wconf 81' lang='lat' dir='ltr'>statuant,</span> <span class='ocrx_word' id='word_1_174' title='bbox 287 2496 322 2550; x_wconf 86' lang='lat' dir='ltr'>et</span> <span class='ocrx_word' id='word_1_175' title='bbox 342 2484 542 2572; x_wconf 76' lang='lat' dir='ltr'>gratulemur</span> <span class='ocrx_word' id='word_1_176' title='bbox 564 2479 664 2548; x_wconf 84' lang='lat' dir='ltr'>literis</span> <span class='ocrx_word' id='word_1_177' title='bbox 681 2481 736 2546; x_wconf 85' lang='lat' dir='ltr'>bis</span> <span class='ocrx_word' id='word_1_178' title='bbox 756 2501 862 2548; x_wconf 87' lang='lat' dir='ltr'>unum</span> <span class='ocrx_word' id='word_1_179' title='bbox 883 2483 996 2547; x_wconf 87' lang='lat' dir='ltr'>saltem</span> <span class='ocrx_word' id='word_1_180' title='bbox 1012 2482 1107 2566; x_wconf 89' lang='lat' dir='ltr'>hujus</span> <span class='ocrx_word' id='word_1_181' title='bbox 1125 2505 1184 2571; x_wconf 85' lang='lat' dir='ltr'>ge·</span> 
     </span>
     <span class='ocr_line' id='line_1_22' title="bbox 111 2583 1185 2676; baseline -0.003 -19"><span class='ocrx_word' id='word_1_182' title='bbox 111 2592 200 2658; x_wconf 88' lang='lat' dir='ltr'>neris</span> <span class='ocrx_word' id='word_1_183' title='bbox 222 2613 274 2655; x_wconf 56' lang='lat' dir='ltr'>ex*</span> <span class='ocrx_word' id='word_1_184' title='bbox 286 2590 474 2676; x_wconf 86' lang='lat' dir='ltr'>antiquitate</span> <span class='ocrx_word' id='word_1_185' title='bbox 493 2583 667 2653; x_wconf 72' lang='lat' dir='ltr'>christiana</span> <span class='ocrx_word' id='word_1_186' title='bbox 687 2609 815 2656; x_wconf 88' lang='lat' dir='ltr'>summa</span> <span class='ocrx_word' id='word_1_187' title='bbox 833 2587 1003 2676; x_wconf 86' lang='lat' dir='ltr'>scriptum&#39;</span> <span class='ocrx_word' id='word_1_188' title='bbox 1015 2609 1185 2676; x_wconf 83' lang='lat' dir='ltr'>superesse</span> 
     </span>
     <span class='ocr_line' id='line_1_23' title="bbox 110 2680 1247 2784; baseline -0.004 -20"><span class='ocrx_word' id='word_1_189' title='bbox 110 2680 210 2784; x_wconf 85' lang='lat' dir='ltr'>idque</span> <span class='ocrx_word' id='word_1_190' title='bbox 238 2695 334 2761; x_wconf 84' lang='lat' dir='ltr'>tantis</span> <span class='ocrx_word' id='word_1_191' title='bbox 361 2691 537 2762; x_wconf 86' lang='lat' dir='ltr'>virtutibus</span> <span class='ocrx_word' id='word_1_192' title='bbox 563 2697 717 2776; x_wconf 79' lang='lat' dir='ltr'>ornatum</span> <span class='ocrx_word' id='word_1_193' title='bbox 739 2702 777 2756; x_wconf 89' lang='lat' dir='ltr'>ut</span> <span class='ocrx_word' id='word_1_194' title='bbox 796 2690 921 2782; x_wconf 85' lang='lat' dir='ltr'>majore</span> <span class='ocrx_word' id='word_1_195' title='bbox 941 2692 1055 2775; x_wconf 84' lang='lat' dir='ltr'>etiem,</span> <span class='ocrx_word' id='word_1_196' title='bbox 1086 2717 1184 2780; x_wconf 91' lang='lat' dir='ltr'>quam</span> <span class='ocrx_word' id='word_1_197' title='bbox 1233 2707 1247 2749; x_wconf 75' lang='lat'>‘-</span> 
     </span>
     <span class='ocr_line' id='line_1_24' title="bbox 109 2789 1185 2884; baseline -0.002 -14"><span class='ocrx_word' id='word_1_198' title='bbox 109 2789 257 2870; x_wconf 81' lang='lat' dir='ltr'>Danielis</span> <span class='ocrx_word' id='word_1_199' title='bbox 278 2801 375 2882; x_wconf 83' lang='lat' dir='ltr'>liber,</span> <span class='ocrx_word' id='word_1_200' title='bbox 397 2801 469 2884; x_wconf 81' lang='lat' dir='ltr'>jure</span> <span class='ocrx_word' id='word_1_201' title='bbox 489 2798 525 2865; x_wconf 90' lang='lat' dir='ltr'>in</span> <span class='ocrx_word' id='word_1_202' title='bbox 546 2819 670 2863; x_wconf 84' lang='lat' dir='ltr'>esnone</span> <span class='ocrx_word' id='word_1_203' title='bbox 686 2806 854 2862; x_wconf 79' lang='lat' dir='ltr'>servatum</span> <span class='ocrx_word' id='word_1_204' title='bbox 868 2816 939 2862; x_wconf 86' lang='lat' dir='ltr'>esse</span> <span class='ocrx_word' id='word_1_205' title='bbox 950 2795 1118 2866; x_wconf 88' lang='lat' dir='ltr'>fatendum</span> <span class='ocrx_word' id='word_1_206' title='bbox 1133 2801 1185 2869; x_wconf 83' lang='lat' dir='ltr'>sit.</span> 
     </span>
    </p>
   </div>
   <div class='ocr_carea' id='block_1_9' title="bbox 111 2932 1188 3230">
    <p class='ocr_par' dir='ltr' id='par_1_10' title="bbox 111 2932 1188 3230">
     <span class='ocr_line' id='line_1_25' title="bbox 118 2932 1186 3026; baseline -0.003 -18"><span class='ocrx_word' id='word_1_207' title='bbox 118 3003 121 3008; x_wconf 92' lang='lat'>.</span> <span class='ocrx_word' id='word_1_208' title='bbox 198 2941 242 3007; x_wconf 88' lang='lat' dir='ltr'>Et</span> <span class='ocrx_word' id='word_1_209' title='bbox 261 2937 306 3006; x_wconf 90' lang='lat' dir='ltr'>ita</span> <span class='ocrx_word' id='word_1_210' title='bbox 321 2933 460 3024; x_wconf 33' lang='lat' dir='ltr'>*quidem</span> <span class='ocrx_word' id='word_1_211' title='bbox 478 2937 508 3002; x_wconf 89' lang='lat' dir='ltr'>si</span> <span class='ocrx_word' id='word_1_212' title='bbox 531 2932 571 3000; x_wconf 90' lang='lat' dir='ltr'>de</span> <span class='ocrx_word' id='word_1_213' title='bbox 592 2948 724 3006; x_wconf 82' lang='lat' dir='ltr'>auctore</span> <span class='ocrx_word' id='word_1_214' title='bbox 744 2933 854 3018; x_wconf 88' lang='lat' dir='ltr'>omni,</span> <span class='ocrx_word' id='word_1_215' title='bbox 877 2947 915 3002; x_wconf 86' lang='lat' dir='ltr'>ut</span> <span class='ocrx_word' id='word_1_216' title='bbox 927 2949 1098 3026; x_wconf 89' lang='lat' dir='ltr'>putamus,</span> <span class='ocrx_word' id='word_1_217' title='bbox 1120 2937 1186 3005; x_wconf 87' lang='lat' dir='ltr'>dif-</span> 
     </span>
     <span class='ocr_line' id='line_1_26' title="bbox 111 3037 1188 3136; baseline -0.006 -21"><span class='ocrx_word' id='word_1_218' title='bbox 111 3046 257 3114; x_wconf 87' lang='lat' dir='ltr'>ficultate</span> <span class='ocrx_word' id='word_1_219' title='bbox 276 3053 404 3109; x_wconf 81' lang='lat' dir='ltr'>remote</span> <span class='ocrx_word' id='word_1_220' title='bbox 423 3041 609 3122; x_wconf 88' lang='lat' dir='ltr'>statuimus,</span> <span class='ocrx_word' id='word_1_221' title='bbox 631 3037 704 3136; x_wconf 82' lang='lat' dir='ltr'>nou·</span> <span class='ocrx_word' id='word_1_222' title='bbox 720 3063 807 3106; x_wconf 84' lang='lat' dir='ltr'>nove</span> <span class='ocrx_word' id='word_1_223' title='bbox 828 3059 963 3128; x_wconf 88' lang='lat' dir='ltr'>prorsus</span> <span class='ocrx_word' id='word_1_224' title='bbox 985 3055 1018 3108; x_wconf 86' lang='lat' dir='ltr'>et</span> <span class='ocrx_word' id='word_1_225' title='bbox 1035 3039 1188 3122; x_wconf 84' lang='lat' dir='ltr'>inaudita,</span> 
     </span>
     <span class='ocr_line' id='line_1_27' title="bbox 112 3145 1188 3230; baseline -0.006 -10"><span class='ocrx_word' id='word_1_226' title='bbox 112 3155 171 3220; x_wconf 88' lang='lat' dir='ltr'>sed</span> <span class='ocrx_word' id='word_1_227' title='bbox 199 3148 386 3217; x_wconf 84' lang='lat' dir='ltr'>dilucidiora</span> <span class='ocrx_word' id='word_1_228' title='bbox 412 3160 540 3212; x_wconf 84' lang='lat' dir='ltr'>tantum</span> <span class='ocrx_word' id='word_1_229' title='bbox 567 3155 601 3211; x_wconf 85' lang='lat' dir='ltr'>et</span> <span class='ocrx_word' id='word_1_230' title='bbox 628 3147 760 3230; x_wconf 81' lang='lat' dir='ltr'>veriora</span> <span class='ocrx_word' id='word_1_231' title='bbox 783 3147 875 3214; x_wconf 86' lang='lat' dir='ltr'>effari</span> <span class='ocrx_word' id='word_1_232' title='bbox 903 3145 997 3214; x_wconf 88' lang='lat' dir='ltr'>uobis</span> <span class='ocrx_word' id='word_1_233' title='bbox 1027 3148 1188 3216; x_wconf 83' lang='lat' dir='ltr'>videmur.</span> 
     </span>
    </p>
   </div>
   <div class='ocr_carea' id='block_1_10' title="bbox 7 3249 1188 3342">
    <p class='ocr_par' dir='ltr' id='par_1_11' title="bbox 7 3249 1188 3342">
     <span class='ocr_line' id='line_1_28' title="bbox 7 3249 1188 3342; baseline -0.008 -16"><span class='ocrx_word' id='word_1_234' title='bbox 7 3277 9 3280; x_wconf 83' lang='grc'><strong><em>·</em></strong></span> <span class='ocrx_word' id='word_1_235' title='bbox 111 3261 203 3326; x_wconf 88' lang='lat' dir='ltr'>Nam</span> <span class='ocrx_word' id='word_1_236' title='bbox 235 3254 314 3321; x_wconf 89' lang='lat' dir='ltr'>dum</span> <span class='ocrx_word' id='word_1_237' title='bbox 343 3253 383 3318; x_wconf 89' lang='lat' dir='ltr'>de</span> <span class='ocrx_word' id='word_1_238' title='bbox 418 3255 584 3340; x_wconf 85' lang='lat' dir='ltr'>evangelio</span> <span class='ocrx_word' id='word_1_239' title='bbox 612 3263 647 3317; x_wconf 85' lang='lat' dir='ltr'>et</span> <span class='ocrx_word' id='word_1_240' title='bbox 680 3249 821 3338; x_wconf 88' lang='lat' dir='ltr'>epistolis</span> <span class='ocrx_word' id='word_1_241' title='bbox 844 3254 989 3340; x_wconf 87' lang='lat' dir='ltr'>apostolo</span> <span class='ocrx_word' id='word_1_242' title='bbox 1010 3250 1188 3342; x_wconf 85' lang='lat' dir='ltr'>tribuendis</span> 
     </span>
    </p>
   </div>
   <div class='ocr_carea' id='block_1_11' title="bbox 113 3350 1189 3466">
    <p class='ocr_par' dir='ltr' id='par_1_12' title="bbox 113 3350 1189 3466">
     <span class='ocr_line' id='line_1_29' title="bbox 113 3350 1189 3466; baseline -0.01 -35"><span class='ocrx_word' id='word_1_243' title='bbox 113 3359 286 3452; x_wconf 81' lang='lat' dir='ltr'>nunquam</span> <span class='ocrx_word' id='word_1_244' title='bbox 314 3350 392 3466; x_wconf 43' lang='lat' dir='ltr'>uisi,¹</span> <span class='ocrx_word' id='word_1_245' title='bbox 405 3357 637 3452; x_wconf 84' lang='lat' dir='ltr'>recentioribus</span> <span class='ocrx_word' id='word_1_246' title='bbox 668 3355 870 3444; x_wconf 85' lang='lat' dir='ltr'>temporibus</span> <span class='ocrx_word' id='word_1_247' title='bbox 898 3355 1080 3428; x_wconf 87' lang='lat' dir='ltr'>dubitatum</span> <span class='ocrx_word' id='word_1_248' title='bbox 1102 3367 1151 3422; x_wconf 89' lang='lat' dir='ltr'>est</span> <span class='ocrx_word' id='word_1_249' title='bbox 1171 3381 1189 3420; x_wconf 84' lang='lat' dir='ltr'>a</span> 
     </span>
    </p>
   </div>
   <div class='ocr_carea' id='block_1_12' title="bbox 150 3504 1402 3605">
    <p class='ocr_par' dir='ltr' id='par_1_13' title="bbox 150 3504 1402 3605">
     <span class='ocr_line' id='line_1_30' title="bbox 150 3504 1402 3605; baseline -0.009 -14"><span class='ocrx_word' id='word_1_250' title='bbox 150 3541 182 3605; x_wconf 90' lang='lat'>1)</span> <span class='ocrx_word' id='word_1_251' title='bbox 200 3531 360 3602; x_wconf 85' lang='lat' dir='ltr'>(Oederi)</span> <span class='ocrx_word' id='word_1_252' title='bbox 378 3528 485 3584; x_wconf 84' lang='lat' dir='ltr'>christi.</span> <span class='ocrx_word' id='word_1_253' title='bbox 503 3523 810 3598; x_wconf 81' lang='lat' dir='ltr'>freyellntersuebuug</span> <span class='ocrx_word' id='word_1_254' title='bbox 827 3522 897 3580; x_wconf 80' lang='lat' dir='ltr'>tiber</span> <span class='ocrx_word' id='word_1_255' title='bbox 914 3525 1188 3599; x_wconf 77' lang='lat' dir='ltr'>diosogen·0ffenb.</span> <span class='ocrx_word' id='word_1_256' title='bbox 1288 3585 1290 3592; x_wconf 53' lang='grc'><strong><em>,</em></strong></span> <span class='ocrx_word' id='word_1_257' title='bbox 1400 3504 1402 3518; x_wconf 52' lang='lat'><strong>¹</strong></span> 
     </span>
    </p>
   </div>
   <div class='ocr_carea' id='block_1_13' title="bbox 114 3617 1248 4226">
    <p class='ocr_par' dir='ltr' id='par_1_14' title="bbox 137 3617 1248 3690">
     <span class='ocr_line' id='line_1_31' title="bbox 137 3617 1248 3690; baseline -0.009 -7"><span class='ocrx_word' id='word_1_258' title='bbox 137 3629 139 3636; x_wconf 59' lang='lat'><strong><em>⁴</em></strong></span> <span class='ocrx_word' id='word_1_259' title='bbox 187 3627 254 3683; x_wconf 85' lang='lat' dir='ltr'>Joh.</span> <span class='ocrx_word' id='word_1_260' title='bbox 272 3625 433 3684; x_wconf 80' lang='lat' dir='ltr'>Hab1769.</span> <span class='ocrx_word' id='word_1_261' title='bbox 476 3620 549 3672; x_wconf 88' lang='lat' dir='ltr'>Eum</span> <span class='ocrx_word' id='word_1_262' title='bbox 566 3617 719 3672; x_wconf 86' lang='lat' dir='ltr'>defendunt</span> <span class='ocrx_word' id='word_1_263' title='bbox 736 3617 935 3687; x_wconf 85' lang='lat' dir='ltr'>(Strothii)</span> <span class='ocrx_word' id='word_1_264' title='bbox 958 3617 1111 3686; x_wconf 81' lang='lat' dir='ltr'>freymtitb.</span> <span class='ocrx_word' id='word_1_265' title='bbox 1130 3620 1189 3674; x_wconf 89' lang='lat' dir='ltr'>Un-</span> <span class='ocrx_word' id='word_1_266' title='bbox 1244 3679 1248 3690; x_wconf 37' lang='grc'><strong><em>1</em></strong></span> 
     </span>
    </p>

    <p class='ocr_par' dir='ltr' id='par_1_15' title="bbox 154 3699 1188 3773">
     <span class='ocr_line' id='line_1_32' title="bbox 154 3699 1188 3773; baseline -0.008 -1"><span class='ocrx_word' id='word_1_267' title='bbox 154 3709 166 3754; x_wconf 73' lang='grc'><strong><em>”</em></strong></span> <span class='ocrx_word' id='word_1_268' title='bbox 186 3731 253 3773; x_wconf 76' lang='lat' dir='ltr'>tere·</span> <span class='ocrx_word' id='word_1_269' title='bbox 275 3714 321 3768; x_wconf 82' lang='lat' dir='ltr'>dle</span> <span class='ocrx_word' id='word_1_270' title='bbox 337 3709 376 3767; x_wconf 90' lang='grc' dir='ltr'>Ο.</span> <span class='ocrx_word' id='word_1_271' title='bbox 393 3713 419 3766; x_wconf 88' lang='lat' dir='ltr'>J.</span> <span class='ocrx_word' id='word_1_272' title='bbox 437 3707 598 3766; x_wconf 83' lang='lat' dir='ltr'>betreffend·</span> <span class='ocrx_word' id='word_1_273' title='bbox 615 3707 679 3761; x_wconf 86' lang='lat' dir='ltr'>Hal·</span> <span class='ocrx_word' id='word_1_274' title='bbox 693 3699 776 3768; x_wconf 77' lang='lat'><strong>1771·</strong></span> <span class='ocrx_word' id='word_1_275' title='bbox 819 3705 957 3762; x_wconf 79' lang='lat' dir='ltr'>semler</span> <span class='ocrx_word' id='word_1_276' title='bbox 974 3707 1114 3770; x_wconf 82' lang='lat' dir='ltr'>Abhaudl.</span> <span class='ocrx_word' id='word_1_277' title='bbox 1131 3725 1188 3766; x_wconf 77' lang='lat' dir='ltr'>von</span> 
     </span>
    </p>

    <p class='ocr_par' dir='ltr' id='par_1_16' title="bbox 187 3795 1188 3876">
     <span class='ocr_line' id='line_1_33' title="bbox 187 3795 1188 3876; baseline -0.012 -12"><span class='ocrx_word' id='word_1_278' title='bbox 187 3810 282 3876; x_wconf 80' lang='lat' dir='ltr'>freyer</span> <span class='ocrx_word' id='word_1_279' title='bbox 295 3803 408 3861; x_wconf 75' lang='lat' dir='ltr'>Uetere.</span> <span class='ocrx_word' id='word_1_280' title='bbox 425 3801 473 3857; x_wconf 81' lang='lat' dir='ltr'>des</span> <span class='ocrx_word' id='word_1_281' title='bbox 483 3799 556 3854; x_wconf 88' lang='lat' dir='ltr'>Kan.</span> <span class='ocrx_word' id='word_1_282' title='bbox 574 3797 608 3853; x_wconf 87' lang='grc' dir='ltr'>Τ.</span> <span class='ocrx_word' id='word_1_283' title='bbox 618 3799 640 3853; x_wconf 91' lang='grc' dir='ltr'>Ι.</span> <span class='ocrx_word' id='word_1_284' title='bbox 658 3795 789 3865; x_wconf 72' lang='lat' dir='ltr'>append:</span> <span class='ocrx_word' id='word_1_285' title='bbox 805 3797 1103 3869; x_wconf 80' lang='lat' dir='ltr'>neueUutersuehuug</span> <span class='ocrx_word' id='word_1_286' title='bbox 1118 3799 1188 3854; x_wconf 81' lang='lat' dir='ltr'>tiber</span> 
     </span>
    </p>

    <p class='ocr_par' dir='ltr' id='par_1_17' title="bbox 188 3887 1188 3968">
     <span class='ocr_line' id='line_1_34' title="bbox 188 3887 1188 3968; baseline -0.007 -19"><span class='ocrx_word' id='word_1_287' title='bbox 188 3897 277 3966; x_wconf 85' lang='lat' dir='ltr'>Apoo.</span> <span class='ocrx_word' id='word_1_288' title='bbox 307 3893 371 3948; x_wconf 84' lang='lat' dir='ltr'>Hal.</span> <span class='ocrx_word' id='word_1_289' title='bbox 395 3897 475 3955; x_wconf 82' lang='lat'><strong>1776.</strong></span> <span class='ocrx_word' id='word_1_290' title='bbox 502 3891 630 3960; x_wconf 79' lang='lat' dir='ltr'>theolog.</span> <span class='ocrx_word' id='word_1_291' title='bbox 654 3887 749 3968; x_wconf 72' lang='lat' dir='ltr'>brieio</span> <span class='ocrx_word' id='word_1_292' title='bbox 779 3887 818 3942; x_wconf 85' lang='lat' dir='ltr'>St.</span> <span class='ocrx_word' id='word_1_293' title='bbox 836 3897 864 3952; x_wconf 84' lang='lat'>1.</span> <span class='ocrx_word' id='word_1_294' title='bbox 882 3898 909 3950; x_wconf 86' lang='lat'>2.</span> <span class='ocrx_word' id='word_1_295' title='bbox 935 3887 1072 3958; x_wconf 78' lang='lat' dir='ltr'>imprimis</span> <span class='ocrx_word' id='word_1_296' title='bbox 1096 3889 1188 3943; x_wconf 77' lang='lat' dir='ltr'>&#39;Mieb</span> 
     </span>
    </p>

    <p class='ocr_par' dir='ltr' id='par_1_18' title="bbox 189 3971 1199 4052">
     <span class='ocr_line' id='line_1_35' title="bbox 189 3971 1199 4052; baseline -0.009 -9"><span class='ocrx_word' id='word_1_297' title='bbox 189 3988 369 4043; x_wconf 85' lang='lat' dir='ltr'>Merkelil</span> <span class='ocrx_word' id='word_1_298' title='bbox 396 3971 462 4039; x_wconf 77' lang='lat' dir='ltr'>bist.</span> <span class='ocrx_word' id='word_1_299' title='bbox 489 3989 555 4040; x_wconf 89' lang='lat' dir='ltr'>krit.</span> <span class='ocrx_word' id='word_1_300' title='bbox 576 3975 706 4038; x_wconf 62' lang='lat' dir='ltr'>Auditor.</span> <span class='ocrx_word' id='word_1_301' title='bbox 723 3979 772 4034; x_wconf 84' lang='lat' dir='ltr'>der</span> <span class='ocrx_word' id='word_1_302' title='bbox 790 3979 1001 4052; x_wconf 81' lang='lat' dir='ltr'>Streitigkeiteu</span> <span class='ocrx_word' id='word_1_303' title='bbox 1009 3978 1066 4032; x_wconf 82' lang='lat' dir='ltr'>der</span> <span class='ocrx_word' id='word_1_304' title='bbox 1083 3973 1199 4050; x_wconf 82' lang='lat' dir='ltr'>Aloger&#39;</span> 
     </span>
    </p>

    <p class='ocr_par' dir='ltr' id='par_1_19' title="bbox 114 4069 1189 4226">
     <span class='ocr_line' id='line_1_36' title="bbox 114 4069 1189 4140; baseline -0.009 -8"><span class='ocrx_word' id='word_1_305' title='bbox 114 4093 130 4132; x_wconf 68' lang='grc'>.·</span> <span class='ocrx_word' id='word_1_306' title='bbox 190 4083 277 4140; x_wconf 74' lang='grc' dir='ltr'>1782ῖ</span> <span class='ocrx_word' id='word_1_307' title='bbox 307 4075 524 4130; x_wconf 75' lang='lat' dir='ltr'>umsteufflichor</span> <span class='ocrx_word' id='word_1_308' title='bbox 543 4073 651 4127; x_wconf 83' lang='lat' dir='ltr'>Reweis</span> <span class='ocrx_word' id='word_1_309' title='bbox 674 4069 736 4123; x_wconf 82' lang='lat' dir='ltr'>dale</span> <span class='ocrx_word' id='word_1_310' title='bbox 751 4069 799 4124; x_wconf 83' lang='lat' dir='ltr'>die</span> <span class='ocrx_word' id='word_1_311' title='bbox 817 4070 907 4140; x_wconf 84' lang='lat' dir='ltr'>Apoc.</span> <span class='ocrx_word' id='word_1_312' title='bbox 925 4074 971 4124; x_wconf 83' lang='lat' dir='ltr'>eiu</span> <span class='ocrx_word' id='word_1_313' title='bbox 989 4069 1189 4140; x_wconf 83' lang='lat' dir='ltr'>untergeseho·</span> 
     </span>
     <span class='ocr_line' id='line_1_37' title="bbox 174 4167 530 4226; baseline -0.008 -3"><span class='ocrx_word' id='word_1_314' title='bbox 174 4168 276 4223; x_wconf 78' lang='lat' dir='ltr'>beuee</span> <span class='ocrx_word' id='word_1_315' title='bbox 294 4167 374 4222; x_wconf 77' lang='lat' dir='ltr'>buch</span> <span class='ocrx_word' id='word_1_316' title='bbox 392 4171 433 4221; x_wconf 85' lang='lat' dir='ltr'>sei</span> <span class='ocrx_word' id='word_1_317' title='bbox 451 4168 530 4226; x_wconf 74' lang='lat'><strong>1785.</strong></span> 
     </span>
    </p>
   </div>
   <div class='ocr_carea' id='block_1_14' title="bbox 0 0 1429 4690">
    <p class='ocr_par' dir='ltr' id='par_1_20' title="bbox 0 0 1429 4690">
     <span class='ocr_line' id='line_1_38' title="bbox 0 0 1429 4690; baseline 0 0"><span class='ocrx_word' id='word_1_318' title='bbox 0 0 1429 4690; x_wconf 95' lang='lat' dir='ltr'> </span> 
     </span>
    </p>
   </div>
  </div>
 </body>
</html>
