2802 4684
226 143 238 168 4

201 270 456 412 11.*'Visio‘nes.,
479 271 542 384 lII.
566 326 599 395 2·
633 311 674 384 A.
692 291 721 386 a.
741 331 775 398 1.
791 318 878 415 cap.
897 333 957 412 12,
978 337 1010 404 1.
1033 270 1039 409 ,Ι
1068 279 1148 420 ,2111

7 559 9 564 ,
42 521 91 563 eo
117 496 250 564 avidius
272 497 528 580 cognoscendum
548 499 718 563 excitetur.
760 499 861 567 Erant
883 481 1144 594 ue.‚squaeMes-·

44 587 124 648 siae
163 583 317 648 adventui
341 587 653 670 praemitterentur,
690 524 899 673 ‘depingenda
924 595 1004 655 satis
1031 601 1143 695 qratia

42 671 199 757 plurima
222 683 255 733 et
281 680 365 756 apta.
427 669 477 732 Ita
499 693 571 732 cum
590 667 656 770 jam
677 671 815 742 Messias
837 673 875 738 iu
897 686 1015 740 terram
1035 703 1141 768 rpsam
1211 737 1215 747 ,
1244 711 1247 718 ·

41 757 211 842 prodeat,
248 777 425 836 congruum
458 776 601 843 quoque,
631 759 744 822 hostes
772 754 841 856 ejus
871 763 962 826 omni
982 787 1025 828 ex
1045 781 1138 852 parte
1190 757 1206 827 f

16 907 19 912 ,
42 843 204 904 describi.
246 841 311 904 Nec
334 841 488 904 Moesiam
509 841 625 905 deinde
647 843 737 909 decet
757 855 877 908 terram
896 860 998 912 totam
1015 829 1075 914 'diu
1097 855 1136 916 ad
1175 899 1181 944 ,

41 927 249 1000 evertendos
272 948 385 990 omnes
406 927 528 1014 impios
550 927 739 1013 pervagari;
793 943 891 994 uauto
914 945 1001 997 certe
1024 940 1132 1022 aptius

39 1009 84 1076 is'
101 1013 270 1077 vindictae
296 1013 447 1089 ultimae,
476 1021 576 1099 'quam
597 1017 635 1080 ab
658 1016 722 1076 hoc
741 952 818 1082 iride
838 1028 984 1103 tempore
1005 1041 1143 1110 semper*

40 1101 168 1164 moliri
188 1111 222 1163 et
241 1099 395 1186 perficere
419 1099 593 1179 cogitatur,
614 1112 722 1185 partes
743 1102 887 1166 minores
900 1107 1023 1185 angelis
1037 1130 1133 1185 man·-

40 1187 106 1248 dat
127 1197 165 1248 ut
185 1187 258 1272 ipse
282 1184 419 1270 denique
441 1184 531 1246 solus
549 1185 729 1248 'adveniens
750 1185 865 1250 hostes
885 1191 940 1274 qui
959 1208 1132 1278 supersunt
1183 1198 1188 1208 '
1263 1177 1264 1184 ἵ

40 1272 238 1334 dirissimos
258 1291 335 1332 uno·
346 1271 412 1331 ictu
434 1281 577 1332 conterat
592 1270 778 1359 deleatque!
799 1270 911 1360 Itaque
927 1298 999 1341 cum
1016 1281 1055 1342 in·
1066 1281 1129 1344 hoc

39 1359 186 1420 ultimae
207 1355 368 1439 vindictae
389 1354 588 1441 Messiaeque
605 1351 671 1443 jam
691 1359 728 1420 in
748 1361 841 1438 regni
862 1361 914 1421 sui
935 1383 1016 1426 mox
1038 1379 1122 1428 certo
1220 1345 1225 1362 .

40 1443 212 1506 condendi
245 1442 381 1523 gratiam
408 1439 544 1504 efficacis
575 1453 722 1528 tempore
752 1441 960 1508 describendo
997 1452 1124 1536 amplus

40 1531 119 1590 vati
138 1529 215 1616 ‘quo
249 1527 483 1612 exspatiaretur
505 1548 633 1612 campus
656 1539 795 1613 pateret,
830 1541 932 1592 totam
960 1534 1126 1601 visionum

8 1625 9 1630 ’
36 1615 103 1676 hic
125 1613 400 1698 depingendarum
422 1614 539 1676 seriem
560 1613 597 1675 in
615 1621 687 1675 tres
704 1612 833 1677 ordines
855 1619 1045 1703 praecipuos
1068 1619 1124 1708 (cf.
1174 1625 1194 1694 ,’
1291 1607 1294 1614 “

38 1699 76 1782 §.
95 1709 129 1770 2.
150 1695 198 1782 3.)
219 1701 266 1760 ita
284 1697 466 1783 dispescere
497 1698 529 1760 ei
564 1698 674 1760 visum
706 1709 772 1776 est,
813 1711 851 1760 ut
884 1702 964 1764 haec
993 1690 1123 1790 quidem

36 1787 154 1847 totius
181 1784 483 1870 scriptionis'pars,
516 1795 662 1870 tempore
683 1785 807 1846 scilicet
829 1788 1124 1875 omnibuspriori⁴

35 1873 103 1933 bus
133 1873 282 1952 graviora
303 1891 472 1958 rerumque
491 1865 921 1950 singulariumferacissima
940 1871 1118 1956 delineans,

36 1959 206 2020 uberrimo
236 1957 357 2018 ambitu
382 1957 584 2042 partiumque
614 1953 842 2021 distributione
870 1972 979 2020 ornata
1006 1973 1039 2024 et
1066 1957 1123 2026 aess
1168 1987 1169 1996 ¹

37 2042 133 2128 quali
155 2049 230 2128 p'rae
249 2041 363 2104 ceteris
381 2043 520 2104 multum
545 2041 694 2103 emineat.
738 2041 921 2128 Simulque,
951 2067 1013 2131 quo
1038 2069 1120 2132 pro-

36 2131 117 2212 pius
139 2129 216 2190 finis
237 2149 406 2213 rerumque
427 2148 573 2189 omnium
594 2127 702 2187 exitus
727 2127 844 2203 instat,
880 2149 919 2190 eo
941 2128 1115 2199 dilucidius
1202 2151 1206 2159 “

36 2213 212 2311 paullatim
241 2213 419 2286 indicatur,
450 2231 619 2298 quosnam
645 2211 856 2298 potissimum
877 2214 999 2302 impios
1018 2220 1120 2306 plecti

37 2301 90 2362 las
113 2301 175 2375 sit.-
211 2296 286 2384 Qua
306 2321 349 2364 ex
369 2298 495 2361 ratione
515 2293 624 2382 p'rimo
867 2289 874 2304 '

125 2465 169 2532 A.
189 2479 239 2548 12,
262 2467 376 2546 1-14,
399 2473 431 2538 5.
457 2463 488 2529 ii
511 2459 616 2555 fusius
636 2463 874 2548 describuntur,
913 2467 975 2554 qui
995 2469 1115 2545 utrin-

39 2577 108 2642 que
129 2553 337 2618 dimicaturi
357 2561 451 2616 sunt.
501 2553 582 2616 Nam
609 2575 682 2614 cum
699 2551 839 2616 ‘Messias
859 2555 896 2616 in
917 2570 1035 2617 terram
1056 2557 1115 2618 ad·
1181 2549 1183 2560 ⁸
1211 2551 1212 2560 ’

36 2655 194 2704 venturus
222 2653 272 2704 est
297 2657 369 2704 cum
390 2633 528 2726 piorum'
541 2639 668 2724 agmine
689 2639 824 2716 selecto,
854 2640 967 2701 hostes
986 2663 1113 2728 quoque

36 2723 109 2824 ejus
132 2727 269 2790 describi
290 2749 348 2813 par
371 2737 435 2802 est,
457 2726 512 2810 qui
525 2741 704 2810 quanquam
720 2717 786 2820 jam
804 2725 1003 2809 temporibus
1019 2732 1114 2810 prio-

34 2819 126 2879 ribus
148 2825 181 2876 et
200 2813 286 2876 inter
300 2813 496 2875 calamitates
507 2811 732 2895 potissimum,
754 2831 831 2896 quas
847 2831 944 2896 supra
957 2806 1003 2896 (v.
1013 2814 1112 2898 impr.
1167 2827 1174 2836 ·
1206 2835 1211 2846 ·

34 2926 64 2964 c.
81 2906 113 2969 6.
135 2902 307 2977 7‚'14·‘1l‚
324 2893 370 2982 7.)
392 2908 483 2960 vates
498 2895 727 2981 descripserat,
746 2896 932 2957 christianis
953 2899 1127 2974 instantes,
1181 2969 1183 2975 y
1266 2905 1267 2908 ’
1328 2913 1334 2927 “

32 2986 241 3070 gravissimas
274 2984 423 3049 Messias
441 2982 751 3069 christianorumque
778 2977 904 3042 inimici
925 2983 1113 3046 exstiterint
1259 2995 1262 3003 “
1309 2984 1318 3002 ’

33 3071 250 3148 acerbissimi,
284 3081 393 3149 tamen
421 3068 484 3133 hoc
513 3066 642 3130 demum
668 3065 741 3128 loco
763 3065 901 3143 Messias
923 3069 1109 3152 apparitura
1153 3127 1156 3135 ,
1275 3059 1278 3069 s
1355 3072 1358 3080 '

33 3173 110 3246 apte
140 3168 358 3242 opponuntur.
411 3151 493 3218 Nam
512 3175 596 3216 nunc
617 3151 745 3224 demum
767 3165 843 3238 post
863 3155 987 3236 pugnae
1012 3174 1109 3237 prae—

31 3246 123 3321 ludia
157 3242 190 3305 et
218 3241 354 3305 exordia
381 3237 421 3302 de
449 3260 574 3301 summo
596 3239 776 3323 ultimoque
796 3259 904 3303 rerum
922 3237 1108 3300 discrimine
1186 3229 1190 3242 ’

31 3332 72 3394 ad
95 3329 349 3392 internecionem
369 3323 555 3402 dimicatur,
577 3335 610 3390 et
630 3327 775 3386 exercitu
797 3323 886 3409 quasi
911 3323 1108 3410 auxiliisque

31 3417 183 3502 utrinque
208 3413 375 3476 instructis
403 3423 436 3474 et
463 3409 597 3472 surumis
626 3408 665 3471 ad
687 3419 847 3471 certamen
873 3406 1105 3492 prodeuntibus
1143 3465 1144 3472 ,

32 3504 175 3566 ducibus,
241 3495 392 3584 Quorum
424 3496 539 3558 ducum
567 3495 770 3580 partiumque
802 3513 880 3578 quae
910 3492 978 3555 sint
1003 3495 1106 3570 uires,

31 3609 112 3674 quae
139 3579 288 3662 indoles,
318 3583 446 3668 optime
477 3585 524 3646 ita
549 3586 598 3642 'ex
625 3582 772 3666 utrisque
803 3579 895 3672 juxta
923 3599 958 3641 se
986 3583 1105 3664 positis
1199 3581 1205 3602 ⁸

31 3671 295 3758 comparatisque.
313 3669 427 3732 elucet.
475 3666 566 3753 Quae
588 3666 618 3726 si
631 3659 719 3730 'bene
742 3675 889 3748 reputas,
920 3663 1106 3744 longiorem

29 3762 113 3825 hanc
146 3777 224 3842 qnae
262 3751 328 3855 jam
362 3754 505 3842 sequitur
526 3751 672 3814 hostiurn
692 3749 830 3812 Messias
850 3747 1104 3833 descriptionem
1166 3756 1168 3769 '

30 3846 74 3924 (c.
98 3855 148 3915 12.
171 3839 241 3920 13.)
265 3843 433 3928 aptissime
459 3841 521 3900 hoc
544 3839 618 3922 ipso
640 3837 712 3908 loco
736 3837 890 3898 insertam
909 3855 980 3896 esse
1000 3829 1106 3896 fatea-

29 3934 90 3994 ris.
140 3928 234 3990 Haud
263 3929 393 4014 quidem
414 3921 611 4006 negandum,
650 3943 721 3984 eam
742 3921 879 3982 actionis
901 3921 1107 4006 totiuspro‘-

29 4035 171 4097 gressum
192 4013 329 4079 celerem
349 4015 583 4096 interrumpere
605 4017 637 4070 et
660 4003 799 4083 tardare,
819 4005 879 4068 sed
905 4005 961 4090 qui
982 4025 1025 4078 ex
1038 4005 1106 4082 sirac
1173 4039 1174 4044 κ
1196 4031 1198 4037 ⁴

30 4125 108 4190 quae
135 4095 262 4180 videtur
299 4099 487 4174 difficultate
520 4095 622 4184 capita
650 4094 729 4188 lqaec
758 4094 837 4187 loco(
862 4087 971 4158 alieno
1000 4095 1132 4178 posita¹

818 4196 962 4288 'rat
