2802 4684
242 335 245 342 “
284 327 326 396 II.
352 294 533 398 Visiones.
585 299 968 426 11.3‡'·Cap.1t‚'rs
1024 392 1027 403 ,
1094 319 1176 430 195⁵
1227 369 1231 375 ’

87 511 205 576 intime
232 513 338 590 nexo,
376 523 418 574 ut
434 523 614 600 *utrumque
643 511 741 576 etiarn
769 514 891 604 templi
917 517 1053 587 nomine
1075 541 1167 587 come

16 649 19 655 .
86 600 185 686 plecti
218 598 330 674 liceat,
367 609 401 660 et
426 596 542 660 altare
564 599 708 704 Positum
729 605 797 662 erat
818 603 1164 682 aheneumsacrificiis

87 682 262 746 offerendis
285 683 375 759 (Lucss
399 696 427 759 1·,
451 695 502 760 11.
524 685 674 752 lerron‘.
696 688 727 757 4,
753 682 798 768 1.)
827 699 860 748 et
885 679 1074 755 secerdotes
1097 691 1166 763 fere
1248 759 1256 772 ,

29 799 31 804 ·
86 781 181 854 atque
208 789 317 852 preces
351 770 422 853 pias
455 763 626 831 fundentes
661 767 833 856 (QChron.
861 783 924 852 23,
956 771 1008 860 5.)
1042 785 1162 843 morari

84 853 252 929 'solebant3
288 853 373 916 unde
402 849 497 914 facile
528 865 661 939 apparet
672 853 688 930 ,ff
724 877 779 917 cur
807 860 912 920 rerba·
933 862 988 926 uui
1023 859 1062 929 τὸ
1093 872 1162 932 θυ-
1212 847 1215 858 ¹

62 930 280 1024 'otoouqiqtoot
310 939 368 1004 καὶ
395 931 763 1024 consummaverimus
785 943 822 1008 ἐν
844 936 932 1030 αὐτῷ
959 949 1073 1025 (ναῶ)
1103 951 1162 1012 ad-
1218 967 1222 975 ·

23 1031 25 1041 '
83 1019 168 1124 jecta
187 1027 265 1100 sint.
314 1021 481 1086 Cultorum
498 1035 606 1087 tamen
624 1024 694 1101 dei,
726 1047 806 1111 quos
824 1047 867 1088 ex
888 1017 1039 1093 auctoris‘
1052 1037 1162 1100 mente
1217 1047 1246 1106 f,

84 1121 118 1172 et
136 1109 274 1172 Judaeos
294 1119 327 1172 et
341 1107 544 1171 ‘Christianos
565 1112 640 1194 pios
662 1112 803 1190 cogitare
825 1107 874 1174 fas
896 1125 944 1175 est
961 1113 1013 1199 ¹),
1034 1123 1158 1183 mentio

82 1195 147 1257 lroe
171 1194 388 1281 ‘'potissimum
415 1215 435 1257 e
464 1189 667 1288 fine‘iujecta
689 1187 767 1272 ests·
783 1207 820 1260 ut
841 1197 937 1261 deum
958 1213 990 1262 et
1013 1211 1161 1268 sanctita-¹
1186 1249 1191 1256 ,

83 1282 169 1343 rium
197 1291 234 1342 et·
257 1281 332 1368 pios
360 1277 508 1344 lubenter
528 1280 583 1342 ibi
613 1293 779 1367 versantes
807 1302 909 1369 eoque
937 1283 1159 1372 confugientes

28 1366 33 1376 '
82 1387 157 1430 cura
185 1365 242 1428 sua
270 1363 408 1458 prouida
428 1365 579 1450 amplecti
598 1387 656 1428 nec
677 1367 762 1428 inter
788 1371 895 1430 turbas
917 1383 1077 1436 secuturas
1098 1399 1159 1439 ne·
1227 1381 1232 1392 ‘

82 1453 206 1534 gligere
227 1463 368 1515 notetur.
387 1483 431 1496 -
473 1449 568 1521 Vn.
600 1448 691 1534 Quid
709 1453 752 1512 sit
772 1451 907 1517 acrium
921 1457 1075 1520 exterius
1088 1461 1158 1545 eji-

82 1557 158 1598 cere
188 1537 337 1623 sequenti
360 1555 428 1597 non
449 1532 570 1598 metiri
592 1538 671 1624 satis
693 1535 891 1622 explicatur:
920 1559 994 1602 nam
1015 1545 1043 1604 si
1064 1565 1158 1610 men*

83 1641 158 1683 sura
177 1623 327 1708 lineaque
344 1620 457 1682 divina
475 1620 594 1684 atrium
614 1643 682 1684 non
704 1623 990 1701 circumscribitur,
1011 1628 1108 1692 adeo
1122 1629 1157 1694 id

83 1708 284 1786 neglectum,
306 1700 486 1800 projectum
506 1716 580 1767 ete
600 1717 708 1768 rerum
729 1719 908 1772 sanctarum
929 1712 1081 1777 societate
1102 1701 1202 1778 're-J,

79 1785 199 1890 jectum
220 1789 425 1874 cogitandum
446 1801 515 1867 est,
537 1791 619 1854 sicut
641 1783 816 1878 ἐκβάλλειν
834 1807 884 1855 est
901 1794 1053 1879 rejicere,
1074 1821 1156 1876 con-

80 1905 231 1960 temnere
259 1895 336 1960 Luc.
356 1903 388 1974 6,
408 1905 461 1976 22,
491 1903 524 1956 ct
544 1896 613 1954 'tto
636 1899 802 1982 rejectus,
838 1891 992 1988 altsfectus
1011 1899 1104 1964 Kolr.
1123 1911 1163 1980 43·
1210 1935 1215 1952 ·

49 1988 53 1999 ’
81 2006 132 2072 14.
157 1999 225 2065 Jes.
252 2005 304 2078 49,
334 2013 386 2073 11.
418 1999 530 2078 (locus
564 1997 652 2062 enim
685 1997 768 2062 Dan·
797 2011 828 2076 8,
864 2011 914 2072 tt.
942 2001 998 2064 ubi
1032 1983 1154 2086 qtbttitt,

54 2085 190 2172 potius
212 2099 263 2150 est
282 2085 324 2149 de
334 2085 445 2163 icere,
466 2083 647 2160 destruere,
670 2085 708 2146 ab
730 2085 792 2145 hoc
813 2085 938 2150 alienus
951 2085 1024 2168 est).
1069 2083 1154 2153 Cau-
1212 2153 1215 2160 ,

81 2166 181 2260 'saque-
205 2175 279 2234 atrii
331 2165 403 2258 ujus
424 2163 535 2265 rejecti
558 2171 670 2233 statim
690 2164 848 2263 adjuncta.
904 2169 1051 2235 Gentiles
1073 2169 1154 2262 pro-

82 2251 148 2320 fani
178 2279 258 2322 mox
279 2258 334 2318 ubi
363 2259 473 2318 urbem
495 2267 635 2318 sanctem
656 2257 897 2352 occupaverint,
932 2260 1049 2320 atrium
1071 2284 1154 2348 quo-

80 2365 138 2430 que
152 2343 228 2406 ·h0c
249 2341 405 2406 invadent
427 2345 688 2428 sanctitatemque
716 2361 785 2436 equs
811 2341 1003 2420 violabunt3
1036 2355 1154 2411 terram

80 2430 166 2492 enim
205 2440 239 2491 et
273 2429 384 2503 urbem
419 2428 588 2512 praecipue
622 2427 829 2488 israeliticam
861 2429 1053 2492 sanctiorem
1082 2424 1154 2494 esse

80 2515 193 2576 ceteris
227 2513 323 2576 terris
356 2513 523 2589 omuibus,
568 2521 605 2572 ut
636 2513 774 2592 gentiles
806 2512 861 2574 vel
892 2513 1044 2590 ricinia,
1069 2528 1156 2580 tactu
1216 2577 1221 2582 .
1311 2531 1319 2546 ‘

80 2639 252 2704 gressuque
284 2611 446 2702 frequenti
479 2615 616 2694 superbo
644 2625 678 2677 et
707 2615 854 2678 violento
884 2619 1043 2698 (πατεῖν,
1076 2621 1156 2706 tttq‘q

80 2703 123 2765 de
147 2725 259 2786 gressu
291 2695 437 2764 festuoso
478 2713 511 2763 et
543 2711 719 2784 strepente*
738 2703 937 2764 sanctitatem
969 2705 1035 2764 loci
1067 2705 1154 2765 hauet

79 2789 257 2852 curantium
287 2786 352 2848 les,
375 2797 404 2864 1,
429 2783 500 2868 12.)
528 2807 598 2847 earn
625 2779 815 2870 profanent,
855 2787 969 2872 opinio
998 2797 1048 2849 est
1074 2801 1153 2872 post

53 2907 57 2912 ·
80 2875 276 2937 vetustiores
295 2879 438 2934 auctores
460 2867 510 2957 (ut
530 2865 635 2932 Arnus
650 2880 682 2946 7,
706 2873 771 2950 17.)
793 2871 969 2933 serior-ibus
990 2873 1154 2959 imprimis
1250 2921 1253 2929 .

78 2953 228 3046 frequens
250 2953 292 3020 cf.
306 2954 423 3019 Ez'ech.
434 2965 486 3032 14,
500 2967 553 3028 11.
566 2953 649 3018 Dan.
659 2968 691 3030 8,
712 2965 762 3026 13.
788 2953 912 3026 llilacc.
933 2966 965 3032 3,
984 2961 1037 3028 45.
1058 2961 1153 3036 460.
1199 2990 1201 2996 s
1365 3005 1370 3012 ,

79 3041 152 3106 Luc.
168 3055 222 3122 21,
243 3047 304 3118 943
325 3042 496 3124 gentilium
517 3042 606 3104 enim
627 3061 733 3102 rnores
748 3041 942 3128 deorumque
958 3044 1062 3104 cultus
1082 3067 1155 3108 curn

79 3130 174 3216 impii
201 3141 235 3192 et
256 3129 378 3214 impuri
401 3129 521 3212 partim
541 3147 653 3188 revera
674 3139 780 3190 essent
798 3125 1068 3211 partim'fudaeis
1090 3129 1156 3199 ha-,

79 3207 243 3291 berentur,
270 3212 348 3299 quid
377 3213 497 3274 mirum
525 3211 611 3297 quod
638 3213 849 3273 abominabili
870 3234 984 3276 eorum
1001 3217 1152 3294 contagio
1183 3275 1186 3288 ,

78 3300 187 3364 urbem
215 3297 379 3385 inquinari
432 3295 599 3360 utebatur?
634 3295 734 3380 Quod
755 3307 861 3358 autem
881 3298 1019 3376 gentiles
1041 3302 1153 3362 urbem

77 3405 133 3470 per
165 3405 299 3450 meuses
329 3317 572 3468 quacfioginto
594 3379 681 3444 duos
701 3375 929 3466 profanaturos
949 3381 1029 3446 dicit
1049 3393 1152 3462 vates,

109 3578 146 3648 1)
169 3595 289 3648 namque
312 3571 389 3632 solos
407 3577 583 3632 Christianos
602 3593 662 3631 esse
684 3577 883 3648 intelligendus
901 3595 959 3633 uon
978 3590 1070 3648 putem
1100 3599 1153 3634 uec

74 3663 79 3673 '
144 3656 201 3704 nist
229 3656 319 3704 aerius
348 3667 375 3703 v.
401 3654 445 3708 13·
476 3651 584 3702 incolae
608 3649 684 3701 urbis
711 3667 808 3703 onmes
834 3651 1175 3709 Christianorummore»

118 3719 136 3736 '⁴
147 3722 231 3775 ileum
250 3723 355 3774 colunt.
397 3719 456 3773 Nec
475 3731 507 3772 ut
524 3731 598 3772 uates
617 3721 778 3772 christianos
797 3732 904 3773 tautum
930 3727 992 3788 pios
1017 3723 1153 3774 Hieroso-

144 3794 233 3859 lymis
253 3796 392 3845 servatum
410 3795 448 3842 iri
465 3790 708 3843 docere‘roluisse
724 3793 867 3854 videatur,
892 3791 1018 3860 templum
1036 3793 1082 3844 dei
1104 3793 1152 3845 hic
1194 3786 1196 3794 ’

145 3864 360 3916 christianorum
387 3871 418 3912 ut
436 3877 568 3913 verorum
587 3861 632 3912 dei
651 3859 840 3917 sacerdotum,
871 3867 971 3912 atrium
988 3879 1055 3914 uero
1073 3874 1153 3916 exte*
1194 3895 1198 3904 -
1234 3916 1235 3922 ,

144 3939 204 3986 rius
229 3935 360 4001 judaismi
383 3931 542 3998 symbolum
561 3931 658 3982 haberi
676 3943 781 3998 potest,
808 3945 839 3983 ut
858 3935 927 3983 ullos
946 3937 1018 3984 inter
1036 3933 1151 4001 Bleckiu

144 4007 165 4058 l.
180 4023 205 4058 c.
222 4022 249 4073 p.
265 4011 326 4064 266·
343 4010 445 4056 risum.
485 4004 553 4056 Num
573 4019 670 4054 seusus
688 4003 745 4054 loci
761 4003 850 4064 rttttlto
871 4007 986 4068 {ruptor
1004 4015 1031 4056 et
1050 4005 1151 4056 clarior

145 4077 236 4138 udest;
262 4091 399 4142 causaque
426 4077 489 4140 atrii
517 4079 615 4124 remoti
635 4091 649 4122 a
669 4083 730 4124 vate
748 4073 866 4124 indicata
883 4088 949 4123 eutn
967 4078 1152 4144 utriumque-

62 4185 67 4192 -
147 4139 255 4217 prium,
279 4163 369 4215 ucque
387 4145 445 4199 ulla
462 4148 570 4199 ratione
581 4144 759 4224 judaismum
778 4142 831 4198 sibi
850 4147 987 4213 cogitasse
1006 4149 1138 4198 evtuctt„

738 4244 800 4324 ¹.
898 4245 992 4323 13*
