2802 4684
169 335 179 360 =
246 307 322 390 206
387 305 431 380 11.
455 307 630 382 Visiones.
681 311 724 383 Π.
743 323 777 393 3.
830 281 1170 407 1166111613.
1254 257 1256 264 ⁴

245 505 297 573 tos
317 489 476 559 ferebatur
503 475 611 578 illeg.
633 505 665 574 2,
688 505 706 567 1
728 445 798 585 stpq.
828 495 983 576 historia,
1021 492 1082 576 (cl.¹
1096 496 1196 562 etium
1215 495 1330 562 mire-

140 634 144 640 ,
244 581 351 643 culum
379 581 509 644 mortui
528 581 710 644 resuscitati
740 589 778 644 ab
806 582 928 646 Elisaei
952 583 1079 648 ossibus
1098 595 1330 670 perpetratum

142 689 144 692 ·
244 665 352 746 otteg.
376 677 426 742 13,
449 662 515 748 21.)
539 679 604 730 tum
626 691 667 730 ex
686 665 812 729 Christi
834 675 881 745 (v.
902 663 948 754 8.)
972 681 1206 756 postmortem
1229 673 1327 733 ’11166

242 749 361 813 redditi
381 754 544 836 exemplos
587 749 712 816 Anime
728 755 857 818 homini
879 775 949 816 cum
967 756 1120 841 primitus
1143 755 1242 818 adeo
1265 757 1327 819 in-

175 891 182 902 ,
242 837 319 899 fletu
347 837 392 899 sit
420 835 500 900 Gen.
521 847 553 914 2,
573 847 612 916 7,
645 839 767 901 halitus
797 832 909 902 vitulis
938 848 1013 926 up'te
1034 841 1089 902 hic
1110 861 1133 901 a
1153 821 1215 902 ileo
1236 863 1328 927 pro-

241 919 334 986 diens
353 923 397 986 iis
418 923 553 986 immitti
575 923 691 990 dicitur
712 923 875 1010 (praestet
888 927 1046 1019 εἰσῆλθεν
1060 928 1097 992 ἐν
1113 917 1227 1000 αὐτοῖς
1244 949 1326 990 cum

242 1006 313 1070 cod.
333 1003 433 1072 Alex.
455 1031 487 1072 v.
501 1029 534 1093 p.
545 1013 629 1088 41),
653 1026 716 1098 quo
738 1005 822 1074 fecto
837 1012 928 1097 ipsos
946 1032 1011 1108 pam
1026 1008 1174 1096 inpedes
1191 1025 1325 1084 erectos

242 1088 730 1175 (61.1ΧΧ.21165.13,21.)
759 1117 831 1160 cum
858 1107 991 1180 stupore
1017 1093 1201 1182 adspiciunt
1227 1097 1324 1178 (hoc

147 1239 149 1244 ,
241 1180 410 1248 enim.est
436 1186 597 1263 θεωρεῖνς
638 1180 679 1243 de
709 1182 781 1267 ipsu
812 1201 847 1243 re
877 1177 920 1242 of.
941 1183 1038 1246 etiem
1060 1193 1089 1257 1,
1104 1175 1154 1266 7.)
1186 1183 1324 1245 inimici

239 1266 417 1350 perterriti.
432 1299 475 1314 -··
499 1267 545 1330 V.
558 1275 609 1335 11.
630 1263 763 1354 Duplex
784 1267 839 1328 hic
860 1267 957 1330 lectio
975 1262 1124 1352 ἥκουσαν
1143 1275 1175 1328 et
1187 1262 1323 1352 ἥκουσα

132 1401 139 1406 ,
240 1350 314 1434 puri
343 1345 412 1414 fere
441 1353 666 1414 auctoritatum
692 1351 758 1415 fide
785 1353 948 1422 mouile,-·
975 1352 1087 1416 Tertio
1111 1372 1253 1436 persone
1278 1357 1322 1414 ob

123 1433 129 1452 ¹
203 1487 205 1492 .
242 1438 475 1499 sententiarum
506 1457 627 1502 nexum
657 1457 726 1500 non
753 1435 793 1498 ad
817 1438 994 1521 inimioos,
1017 1437 1075 1500 sed
1095 1437 1135 1498 ed
1154 1451 1338 1518 martyres,

240 1520 323 1583 duos
343 1517 511 1584 referenda
530 1533 627 1586 esset.
679 1519 743 1584 Sed
762 1521 888 1608 pruno,
924 1543 1005 1607 quoe
1032 1523 1178 1586 solitarie
1205 1526 1321 1609 positu

240 1607 335 1671 lecile
355 1608 410 1690 hic
430 1607 572 1683 librariis
593 1603 676 1670 falsu
696 1606 803 1670 videri
822 1618 965 1693 poteret,
987 1609 1083 1670 hehet
1096 1609 1232 1671 omuino
1247 1633 1317 1695 quo

239 1713 276 1754 se
298 1704 436 1755 meatur.
476 1693 647 1780 Hucusque
668 1695 848 1757 enimcum
870 1703 962 1756 vates
980 1714 1033 1756 res
1046 1693 1106 1758 hes
1119 1689 1318 1777 utsutorar

239 1772 371 1926 gformis
390 1775 495 1854 futuri
523 1779 593 1857 rel,
617 1777 706 1865 quod
731 1777 774 1842 ed
803 1777 891 1841 idern
911 1778 968 1842 hic
986 1778 1087 1857 redit,
1116 1775 1316 1864 proesentis)

262 1865 462 1950 ascripserit«,
499 1858 565 1962 jem
594 1863 632 1930 in
659 1865 725 1927 line
752 1884 787 1926 v.
809 1872 946 1934 11-13»
974 1864 1106 1930 iterum·
1121 1865 1211 1950 quusi
1237 1865 1315 1950 ipse

239 1949 361 2012 viderit
391 1950 434 2011 iu·
450 1947 647 2035 praeterito
672 1960 799 2012 enar-rot
823 1943 1081 2038 cf.20,·7-10,
1112 1949 1164 2010 cui
1182 1949 1315 2018 fictioni

239 2037 320 2097 bene
345 2056 521 2114 congruum
554 2045 604 2109 est
634 2034 720 2120 quod
754 2056 790 2097 se
818 2034 873 2096 hic
902 2054 1016 2098 vocem
1043 2031 1168 2098 audisse
1200 2035 1312 2098 trudit.

238 2115 344 2184 Nube
364 2117 528 2184 vehuntur
553 2121 736 2208 quicunque
760 2121 798 2184 in
821 2121 948 2183 coelum
968 2120 1041 2184 vivi
1060 2120 1146 2204 rupti
1162 2117 1315 2184 dicuntur

237 2199 279 2267 cf.
294 2216 324 2280 1,
343 2213 377 2275 7.
404 2204 514 2287 QReg.
540 2216 654 2284 2,11.
682 2201 757 2268 Act.
778 2215 808 2281 1,
829 2213 861 2278 9.
925 2203 1072 2292 Totoque
1098 2207 1136 2268 in
1163 2206 1223 2268 hec
1252 2206 1314 2268 de·
1390 2241 1391 2310 p

237 2289 415 2374 scriptione
435 2292 498 2353 hoc
510 2290 815 2377 proecipuumcsse,
836 2302 873 2357 ut
887 2289 1040 2356 inimicos
1052 2301 1214 2376 aspectum
1221 2292 1313 2354 ·hu'uc

237 2377 322 2460 ipsis
351 2375 493 2440 inritum
523 2389 555 2440 et
583 2378 767 2440 «terribilem
802 2377 927 2438 evitare
953 2397 1021 2440 non
1047 2394 1142 2462 posse
1169 2387 1312 2454 notetur,

183 2505 192 2524 .
236 2460 411 2545 repetitum
446 2455 638 2552 ἒθεῶρησᾳν
667 2471 835 2524 monstret.
869 2495 912 2508 -
965 2461 1012 2524 V.
1035 2471 1089 2532 13.
1127 2459 1262 2548 demque
1293 2485 1311 2525 e

125 2557 129 2568 “
237 2547 379 2631 vestigio
415 2545 483 2609 ime
513 2549 567 2610 dei
598 2557 703 2642 Justee
733 2547 864 2627 siguum
893 2547 1039 2632 sequitur·
1072 2559 1173 2610 terroe
1199 2559 1310 2624 motus

235 2633 363 2712 gravis,
398 2633 502 2716 qualis
528 2631 653 2697 Chrrsti
696 2635 806 2718 uoque'
822 2630 1095 2713 caedemoecutus
1114 2653 1185 2694 esse
1207 2632 1311 2694 tredi—
1389 2645 1390 2682 t

204 2785 207 2793 y
235 2728 288 2778 tur
310 2716 427 2780 11161111.
447 2727 499 2794 27,
520 2725 574 2790 51.
595 2711 638 2782 cf.
660 2653 713 2794 21,
734 2727 772 2794 2,
799 2728 837 2778 ut
857 2728 891 2778 et
909 2717 965 2778 hic
986 2729 1093 2781 vetem
1116 2716 1271 2804 quaedem
1291 2741 1310 2782 e
1389 2699 1390 2721 ¹

234 2799 359 2864 Christi
379 2801 518 2866 historie
540 2804 643 2870 simili
667 2803 706 2865 ed
726 2800 883 2882 martyres
905 2803 968 2864 hos
986 2803 1166 2866 traduxisse
1184 2803 1309 2867 videus.

69 2951 74 2960 .
168 2944 171 2950 .
236 2885 312 2970 Quo
343 2907 449 2971 poena
483 2890 553 2953 diro
583 2891 659 2954 urbs
688 2899 797 2951 tumen
821 2898 930 2950 sancte
956 2909 1033 2960 non,
1056 2900 1125 2952 tote
1157 2910 1309 2952 concussa

201 3017 206 3032 ,
234 2971 374 3044 corruit,
396 2973 452 3034 sed
472 2972 606 3038 decimo
627 2985 752 3038 tuntum
774 2993 867 3058 pars,
893 2969 1074 3036 interfectis
1096 2985 1223 3057 septem
1241 2975 1309 3038 ho-

86 3073 90 3081 “
129 3107 134 3116 .
233 3059 360 3122 minum
385 3059 530 3122 millibus
555 3051 724 3144 (ὀνόματα
742 3049 935 3142 ἀνθρώπων
962 3057 1105 3120 nomina
1132 3062 1156 3120 i.
1177 3080 1206 3121 e.
1253 3081 1308 3123 er·
1388 3063 1389 3127 1

234 3165 333 3214 sonae
353 3145 539 3208 nominibus
559 3145 729 3220 distinctae
743 3153 1006 3229 numereteeque,
1027 3137 1068 3206 cf.
1078 3154 1109 3220 3,
1120 3138 1179 3227 4.).
1206 3081 1306 3225 ,(1666

234 3250 388 3292 numeros
419 3250 597 3316 quenquam
624 3250 724 3310 vagos
744 3245 813 3291 csse
836 3249 894 3314 per
915 3247 950 3290 se
970 3239 1076 3314 putet,
1114 3240 1222 3292 tumen
1241 3231 1306 3292 hoc

235 3315 373 3376 consilio
401 3316 520 3378 electos
550 3336 618 3378 esee
639 3324 774 3400 apparet
791 3323 827 3375 ut
850 3324 975 3399 partem
995 3323 1118 3375 tuntum
1143 3313 1231 3376 urbis
1250 3317 1307 3377 in·-

195 3453 198 3460 ,
235 3399 440 3484 colorumque
466 3398 555 3462 sotio
570 3421 725 3488 parvom
744 3419 848 3462 noxas
868 3419 886 3460 e
905 3419 1010 3484 poene
1032 3398 1144 3466 divine
1166 3402 1317 3483 sensisse,

233 3485 380 3546 innuunt.
422 3481 569 3548 Decimo
589 3487 677 3548 onim
693 3505 770 3570 pars
792 3485 908 3545 sicum
930 3494 1040 3569 quarte
1058 3485 1195 3547 ettertie
1208 3505 1315 3571 supra.
1387 3509 1388 3535 t

234 3575 265 3647 6,
286 3581 319 3639 8·
351 3579 382 3645 8,
403 3575 425 3637 7
446 3590 516 3654 sqq·
547 3583 722 3636 memorato
753 3579 972 3654 comparetur,
1006 3570 1084 3633 solis
1110 3591 1213 3654 ¹parva
1235 3583 1306 3648 est3

166 3651 171 3668 “
205 3666 419 3742 :septemque
440 3655 619 3718 incolarum
640 3656 783 3720 millium
802 3673 954 3716 numerus
973 3675 1034 3738 pro
1051 3653 1304 3735 ‚Hierosolymee

230 3761 365 3820 maguae
386 3760 419 3801 v.
440 3751 478 3815 8,
511 3761 604 3826 quam
625 3753 752 3805 centum
770 3735 838 3802 fere
861 3739 967 3802 millia
987 3740 1159 3802 hominum
1180 3743 1304 3832 cepisse
1386 3755 1387 3834 1

232 3827 368 3903 scimus,
397 3824 485 3886 idem
504 3847 635 3911 prorsus
656 3827 852 3911 comprobat.
906 3821 1042 3912 Quoque
1064 3824 1103 3888 de
1124 3847 1217 3890 ceusu
1238 3839 1303 3892 tem

120 3925 130 3936 “·
193 3935 198 3940 ’
231 3913 341 3996 paucis
376 3931 463 3972 noxa
492 3899 666 3990 inseretur,
704 3911 870 3997 sequentia
904 3911 1014 3972 statim
1047 3909 1162 3978 docent
1195 3916 1301 3975 verbu.

232 3997 341 4082 tleque
362 3997 450 4056 enirn
471 3999 544 4058 urbs
562 4010 667 4066 sancta
686 3997 820 4060 delendo
835 3995 901 4058 vati
916 3991 1104 4072 videbatur,
1128 3996 1300 4146 sedpoerre
1385 4019 1386 4074 ᾗ

229 4092 353 4146 tautum
374 4081 494 4147 leviori
507 4081 730 4162 admonendo,
750 4093 786 4145 ut
808 4082 902 4146 ceteri
924 4081 1039 4146 saltem
1054 4082 1167 4166 impiis

1208 4084 1299 4146 cletis
1385 4127 1386 4142 .
