2848 4682
665 59 776 108 '·t

156 355 159 370 .
213 315 262 388 1‘2
364 302 423 374 De
446 301 568 418 forma
589 301 673 376 iibri
697 277 1131 398 epistolica-symbolica,
1175 324 1179 336 ¹

210 486 332 576 jestatis
356 485 566 576 splendorem
590 488 687 555 simul
706 483 900 564 adumbrare¹
920 497 952 552 et
972 461 1161 576 angelorum
1181 488 1287 556 inter·

211 606 316 660 ventu
335 592 505 680 multiplici
524 592 634 658 omnia
653 591 804 658 animare·
814 591 970 678 placebat.
1013 591 1153 679 ,Quibus
1176 615 1292 658 acces--

211 700 253 766 sit
279 700 407 788 opinio,
434 689 643 784 quaecunque
670 696 707 762 in
734 708 822 765 terra
843 709 1018 785 gerantur,
1048 699 1141 784 prius
1164 699 1230 783 jam
1250 701 1286 766 in

103 797 129 894 ᾖ
210 811 300 872 coeio
328 825 398 870 esse
424 801 596 869 manifesta
616 806 647 886 ¹)
676 813 711 868 et
731 824 750 874 a
770 818 862 867 sacro
882 801 934 867 dei
954 802 1177 889 senatuquasi
1204 803 1286 870 deli-

207 909 321 976 berata
350 923 385 976 et
413 907 543 973 decreta
565 907 619 991 ²),
637 916 690 972 ·ut
717 907 846 974 vatibus
873 907 972 978 sacris
1001 907 1094 996 quasi
1114 909 1285 976 auscultari
1334 930 1337 936 ¹

206 1017 309 1084 liceat.

246 1269 253 1282 ·
323 1249 418 1317 Tales
446 1246 546 1336 igitur
574 1243 716 1310 visiones
737 1225 888 1310 coelestes
912 1241 1097 1332 depicturus
1119 1243 1282 1312 lohannes

175 1358 187 1373 ”
208 1352 248 1420 G.
266 1365 375 1434 4-22,
395 1363 426 1423 5.
446 1371 656 1437 quaecunque
675 1349 785 1414 futura
804 1369 874 1412 esse
887 1348 976 1434 cupit
991 1359 1023 1413 et
1036 1359 1151 1436 sperat,
1171 1351 1282 1416 omnia
1339 1421 1347 1442 x

207 1457 271 1526 sibi
291 1459 327 1525 in
348 1458 437 1523 coelo
456 1457 568 1543 angelo
590 1453 708 1522 comite
727 1441 908 1518 monstraia
926 1449 1031 1541 fingit.
1072 1456 1115 1520 In
1136 1477 1200 1541 quo
1217 1455 1281 1520 du·

47 1602 50 1610 ,
145 1601 150 1615 ι
206 1564 287 1650 plex
322 1557 756 1661 ,quaedampdi'fficultas
788 1557 921 1645 cogitari
959 1551 1086 1645 potest,
1123 1559 1281 1648 partim
1325 1557 1337 1576 ⁶

205 1680 348 1732 rerum
381 1663 683 1744 monstrarularum,
715 1663 834 1752 partim
869 1673 1109 1749 temporum
1138 1677 1281 1753 quorum

98 1855 102 1862 ¹
203 1772 360 1859 imagines
388 1767 478 1835 videt
506 1766 706 1834 futurorum.
760 1769 795 1851 1)
821 1767 902 1833 Non
933 1787 1046 1834 omnes
1071 1769 1161 1836 ideae
1181 1793 1281 1836 mon-

137 1871 138 1878 *
204 1877 341 1946 'stranda
356 1861 461 1962 figura
482 1883 515 1938 et
537 1871 627 1958 quasi
643 1869 779 1938 historia
799 1873 868 1960 ipsa
886 1871 1088 1960 depingenda
1104 1875 1178 1940 satis
1199 1897 1280 1963 per-

146 2039 149 2054 .
181 2014 182 2018 ¹
203 1983 335 2072 spicua'e
355 2002 425 2045 esse
439 1988 594 2066 possunt3
617 1996 695 2062 ergo
714 1993 842 2040 voces
866 1977 962 2042 etiam
985 1961 1171 2047 coelestium
1190 2001 1278 2054 non-

84 2104 89 2114 '
203 2081 375 2175 nunquam
404 2086 612 2164 inseruntur,
644 2081 764 2169 partim
794 2083 982 2169 angelorum
1007 2096 1117 2149 vatem
1137 2084 1279 2150 edocen-
1306 2173 1310 2180 .

203 2194 287 2260 tium
308 2197 359 2276 (nt
378 2199 409 2270 7,
431 2196 561 2260 13-17·
585 2195 635 2266 17,
657 2187 792 2268 1·18·),
818 2188 940 2274 partim
960 2187 1011 2254 dei
1030 2189 1083 2256 vel
1108 2189 1279 2256 ministro-
1365 2249 1370 2264 „
1416 2227 1417 2264 ;

139 2361 142 2370 ,
202 2283 281 2364 rum
303 2311 509 2360 summorum
528 2289 580 2354 dei
591 2281 749 2358 thronum
762 2291 959 2380 cingentium
972 2293 1099 2378 etjussa
1110 2291 1277 2361 edentium

186 2403 257 2484 ¹(ut
277 2407 307 2480 6,
328 2401 389 2482 6.)‚
410 2395 532 2484 partim
551 2394 700 2483 ipsorum
721 2395 791 2461 sive
814 2397 984 2472 hominum
1004 2397 1074 2464 sive
1091 2399 1277 2467 coelestium

181 2501 184 2513 ”
201 2517 393 2572 naturarum
414 2505 553 2588 quarum'
574 2499 728 2587 imagines
747 2492 986 2584 monstrantur,
1003 2513 1042 2567 nt
1058 2503 1086 2570 si
1104 2503 1181 2591 qnid
1199 2527 1277 2571 um-

103 2625 107 2644 ¹
137 2695 141 2710 Α
201 2601 281 2678 brae
300 2621 486 2700 martyrum
508 2593 716 2685 clamaverint
737 2605 867 2672 uberius
887 2607 1063 2698 exponitur
1075 2616 1106 2692 6,
1123 2623 1182 2694 103
1203 2631 1277 2675 sae-

200 2716 336 2806 pissime
356 2723 465 2778 autem
489 2710 540 2776 dei
561 2709 616 2776 vel
635 2709 862 2793 ministrorum
886 2712 954 2796 ejus
975 2712 1123 2778 mandata
1142 2713 1275 2782 brevius

201 2832 328 2894 tantum
355 2835 422 2902 uno
443 2817 587 2882 alterove
609 2813 769 2910 vocabulo
791 2816 973 2885 innuuntur
994 2831 1030 2882 ut
1049 2825 1126 2897 6‚8.
1148 2813 1274 2906 (ὄνομα

141 2923 145 2939 '
201 2917 291 3014 αὐτῷ
311 2916 330 2992 ὁ
350 2913 519 3004 θάνατος)
544 2935 595 2996 11.
612 2932 642 3004 9,
656 2933 688 2995 3.
730 2923 773 2990 ln
795 2921 911 3012 quibus
926 2921 1055 3009 quidem
1070 2921 1274 2990 sermonibus

199 3026 380 3095 inserendis
408 3037 498 3092 tanta
527 3027 727 3118 conspicitur
754 3029 891 3094 varietas
917 3041 1021 3116 grata,
1052 3035 1116 3090 tam
1137 3024 1274 3112 pulcher

79 3175 85 3198 ι
199 3114 269 3222 dpti
289 3123 321 3198 et
340 3131 450 3196 decori
466 3148 596 3212 sensus,
617 3143 655 3196 ut
673 3135 910 3220 nonnunquam
930 3131 970 3197 ad
984 3129 1178 3196 dramaticus
1191 3149 1275 3217 poe·

199 3256 273 3302 seos
294 3239 437 3324 speciem
457 3248 601 3324 assurgat
623 3237 725 3301 oratio
745 3250 846 3325 utque
865 3261 949 3304 unus
970 3235 1024 3303 hic
1046 3246 1137 3310 vates
1158 3255 1274 3302 omnes

82 3401 84 3415 .
199 3354 323 3410 ceteros
359 3341 456 3426 hujus
497 3331 624 3430 generis
658 3343 763 3408 multo
795 3365 964 3436 superasse
1001 3335 1181 3406 censendus
1212 3325 1279 3416 siti

197 3445 351 3514 Henochi
371 3459 479 3512 umen
496 3447 572 3513 libri
591 3445 738 3514 fictiones
756 3449 909 3537 proxime
929 3448 969 3515 ad
989 3447 1078 3513 illam
1098 3445 1273 3534 imaginem
1361 3531 1364 3541 Ι

207 3753 209 3757 ,
230 3709 263 3804 g)
279 3709 317 3768 ei.
333 3713 416 3780 impr.
430 3707 546 3798 Ascens-
562 3665 658 3778 lasti,
675 3719 782 3776 20-23·

109 3839 147 3929 'x‘
230 3879 263 3950 2)
279 3881 465 3944 Maimouides
489 3897 566 3936 more
589 3879 753 3950 naboch02·‚
778 3889 811 3944 6:
845 3901 915 3938 uon
937 3879 1031 3936 iacit
1056 3881 1144 3936 deus
1167 3877 1271 3950 quid-

266 3977 363 4040 piam
394 3976 469 4028 nisi
495 3971 598 4024 ,illud
621 3985 705 4026 ante
730 3977 892 4028 intuitus
917 3971 1039 4027 fuerit
1065 3977 1101 4026 in
1126 3971 1289 4043 seruilia·

265 4065 481 4130 superiori,
509 4073 551 4118 est
574 4069 710 4120 sententia
736 4069 907 4135 sapientium
931 4063 968 4129 ei,
987 4065 1041 4120 alia
1059 4080 1102 4133 ap·
1119 4061 1270 4120 wanted

264 4149 354 4224 Almo·
372 4159 403 4219 45
417 4161 447 4214 ⁴1·
