2848 4682
182 309 184 314 ’
205 289 269 358 De
294 223 491 384 ternpore
486 303 573 408 quc
569 285 824 382 'Apocalypsis
847 293 979 384 scripta
1004 281 1081 392 ἸἸἸ’
1134 307 1189 381 51

100 473 346 562 potissimum·
361 475 577 544 saevientem
583 486 663 538 cum
670 434 815 540 Parthis
837 473 975 571 aliisque
994 479 1107 566 copiis
1115 481 1189 550 Ro—

100 603 194 645 mam
212 594 411 646 'eversurum
433 573 768 659 esse,deindev·e1o
784 599 825 642 Ἰ
820 567 977 644 Messia
967 603 1039 668 ipso
1061 585 1186 654 victum

98 687 176 768 iri,
173 697 217 751 ut
237 701 312 774 post
332 689 438 748 tantas
458 683 655 748 calamitates
668 679 806 746 tandem
828 680 915 748 salus
936 707 1037 772 apper
1040 705 1097 754 eat
1130 693 1184 758 Sic

96 805 174 858 tum
191 795 348 874 samm,
371 781 559 882 -·genti·liuiit·
582 787 669 869 sedi,
709 765 1015 875 letalem·stragem
1041 794 1081 858 ab
1108 799 1181 884 ipso
1278 857 1282 878 ,
1317 805 1323 816 '
1360 873 1364 880 ,

97 899 276 1016 gentilium
297 896 401 984 capite
421 893 584 964 inflictum
602 893 664 976 iri,
685 899 758 956 tum
771 891 918 978 'deniqne
941 893 1004 958 hoc
1026 919 1110 964 cum'
1122 901 1181 964 co'-

96 1003 169 1090 piis
188 1023 206 1067 Ἰ
234 993 355 1068 Messia
376 998 504 1092 devicto
526 1019 640 1062 omnes
667 995 785 1087 impios
806 1000 1003 1074 remotum
992 1001 1034 1066 iri
1055 1016 1090 1070 et
1107 1006 1199 1093 pios.

95 1100 242 1195 praemia
273 1107 327 1196 dig
309 1127 369 1170 σἸἸἸ
394 1105 616 1192 reportaturos
645 1124 715 1165 esse
737 1113 911 1188 angulatur
934 1101 1051 1172 vates!
1071 1109 1178 1179 Tem-

95 1235 158 1300 pus
181 1229 253 1300 quo
266 1213 359 1278 Nero
379 1209 585 1274 lesuimitatus
603 1205 804 1278 Christianos
821 1211 999 1272 vexaturus
1022 1187 1079 1295 sit,
1100 1221 1176 1281 cer‘

94 1333 165 1382 tum
196 1340 215 1382 a
248 1317 325 1382 'vate
353 1291 507 1406 constitui
537 1327 607 1406 non
637 1313 780 1400 potuisse
800 1331 861 1400 per
873 1327 916 1376 se
936 1323 1063 1398 patet,
1090 1305 1122 1384 at
1142 1321 1175 1388 id

94 1421 172 1490 satis
205 1421 269 1488 cito
297 1422 419 1487 instare
447 1398 596 1486 innuitur
623 1437 685 1505 per
713 1437 845 1481 annos
875 1411 975 1482 duos
1004 1444 1092 1489 cum
1115 1425 1175 1492 di·

94 1523 222 1594 midio
246 1535 307 1612 13,
325 1535 367 1608 53
398 1525 456 1590 cll.
481 1515 598 1611 ὀλίγον
630 1512 758 1624 καιρόν
769 1526 827 1606 12,
848 1533 899 1598 12
927 1525 1014 1610 quod
1034 1530 1173 1660 prorsus

93 1633 185 1698 idem
204 1642 265 1702 est.
267 1675 349 1740 «Ι
372 1717 378 1724 ι

1162 1731 1167 1760 l

175 1849 208 1916 2.
230 1838 277 1904 Et
295 1835 373 1903 huic
393 1819 525 1923 'quidem
555 1788 729 1920 temporis
750 1819 1033 1903 definitioni'satis
1063 1853 1172 1911 certae

91 1957 227 2011 tanturn
248 1943 338 2009 abest
366 1951 403 2005 ut
424 1951 528 2004 cetera
550 1959 632 2024 quae
652 1937 687 2002 in
708 1936 802 2002 libro·
815 1959 991 2007 occurrunt
1011 1943 1166 2026 historiae
1266 1957 1270 1962 '

91 2051 277 2148 vestigia
260 2049 427 2128 obstent,
445 2043 502 2110 rit
513 2044 551 2109 iis
578 2037 714 2132 egregie
743 2039 896 2108 firmetur
922 2059 955 2111 et
976 2049 1168 2130 stabiliatur.
1229 2051 1233 2054 ’

89 2143 138 2222 Ita
160 2135 409 2234 calamitates,
400 2175 435 2216 1n
455 2151 570 2240 quibus
591 2159 779 2234 martyrum
802 2147 1050 2218 christianorum
1074 2153 1168 2244 copia

89 2261 243 2326 occubuit
264 2269 296 2339 7,
318 2264 368 2331 14.
390 2260 444 2322 cll.
462 2259 626 2338 6,9-11·,
660 2267 831 2321 comante
851 2246 1167 2334 vindictaemitium
1230 2258 1237 2270 ⁵
1280 2283 1282 2292 ’

10 2399 39 2446 ³.
89 2387 117 2430 c.
131 2378 164 2438 8.
185 2349 425 2445 describantur,
453 2361 540 2428 haud
561 2359 657 2425 dubie
678 2383 733 2424 eae
754 2373 832 2426 sunt
854 2361 1057 2456 cogitandae,
1084 2389 1166 2453 quae

89 2465 291 2536 Christianos
313 2469 388 2534 inde
409 2463 450 2532 ab*
471 2489 523 2531 an.
543 2471 597 2554 64.
617 2463 710 2530 adid
734 2469 837 2551 'usque
858 2477 988 2557 tempus
1007 2480 1168 2557 pressere,¹

87 2597 154 2663 quo
173 2575 316 2643 vindicta
338 2573 447 2638 divina
469 2567 652 2658 incipienda
669 2567 822 2666 tingiturt
843 2560 985 2659 id'quod
1006 2598 1087 2643 mox
1105 2579 1164 2644 fu·
1245 2615 1252 2629 ι

85 2691 202 2744 turum
225 2665 294 2742 esse
314 2693 473 2766 speratur.
503 2677 758 2762 Hierosolyma
777 2699 841 2763 quo
862 2689 1017 2766 tempore
1033 2665 1165 2770 scripsit
1216 2763 1222 2772 l

84 2796 200 2850 auctor
217 2801 323 2870 neque
343 2806 456 2865 eversa
474 2794 544 2848 erat
568 2803 673 2868 neque
695 2782 871 2848 evertenda
893 2797 949 2850 aut
970 2786 1163 2856 Christianis
1211 2867 1213 2874 Ι
1253 2824 1256 2876 3

83 2902 143 2954 aut
177 2890 336 2958 Romanis
372 2889 468 2974 (quos
489 2885 530 2949 ad
551 2885 704 2950 ultimum
724 2906 827 2971 usque
847 2883 948 2952 u1'bi
941 2911 1103 2977 parcere
1097 2916 1163 2958 Ἰο-

82 2995 185 3060 luisse
206 2975 341 3076 scimus)
356 2990 550 3059 videbatur:
578 3001 611 3056 at
634 3011 709 3056 cum
728 2988 1001 3076 Vespasianus
973 3018 1058 3062 circa
1077 2997 1164 3086 illud

81 3111 229 3186 tempus
246 3099 313 3185 jam
349 3108 454 3162 castra
471 3095 672 3162 admoveret
709 3095 901 3162 obsidendae
931 3099 1026 3182 urbi,
1066 3101 1164 3174 facila

79 3217 213 3293 poterat
234 3205 370 3291 quisque
393 3203 570 3288 conjicere,
590 3261 593 3269 .
600 3203 738 3290 gentiles
759 3203 876 3279 urbem
897 3219 1041 3272 sanctam
1062 3229 1162 3292 occp-¹
1266 3257 1269 3264 ,

79 3327 215 3398 paturos
237 3332 306 3374 esse
329 3321 386 3389 11,
406 3297 454 3388 23¹
484 3309 583 3396 igitur
604 3309 691 3374 inter
716 3310 911 3374 calamitates
934 3311 1071 3378 Messias
1101 3313 1161 3378 ad-

79 3415 215 3480 ventui*
233 3413 387 3500 proxime
421 3401 581 3501 praevias·
599 3411 717 3478 urbem
745 3414 842 3476 etiam
864 3427 1007 3481 sanctam
1029 3438 1160 3484 annos

79 3520 182 3584 dnos
214 3535 304 3584 cum
331 3517 590 3598 dimidio'ss,
613 3531 644 3592 2.
665 3529 696 3590 3.
716 3518 737 3584 i.
758 3539 785 3583 e.
807 3518 959 3624 quamdiu
974 3518 1052 3610 *fere
1072 3524 1160 3588 anti-

79 3623 225 3690 christus
246 3635 449 3711 grassaturus
470 3619 512 3688 sit
534 3630 627 3704 13,5.
647 3625 718 3708 (cll.
735 3631 833 3704 12,6.
857 3627 923 3704 11.)
945 3645 964 3686 Ἰ
983 3625 1159 3711 gentilibus

74 3729 332 3818 profanandam,
351 3745 424 3818 ante
444 3726 599 3822 Messiam
621 3729 776 3824 reducem
790 3741 900 3794 tamen
918 3749 1026 3792 mores
1044 3737 1160 3812 enien-
1214 3803 1221 3810 ,

77 3833 232 3898 daturam
256 3834 362 3903 refert
390 3843 503 3896 auctor
526 3813 646 3911 l1‚1·
629 3847 710 3908 -13
757 3836 830 3902 Nec
851 3847 978 3900 tantum
996 3833 1160 3898 Hieroso·
1244 3885 1249 3895 .

75 3940 203 4024 lymae
213 3962 347 4006 eversae
368 3941 460 4004 nulla
482 3949 559 4004 suut
582 3941 731 4032 vestigia,
766 3941 857 4006 sed
848 3940 1003 4027 imagines
1025 3941 1160 4006 etiams

73 4047 205 4130 templo
227 4043 490 4132 frequentissime
512 4042 675 4112 desumtae
703 4050 867 4134 templum
890 4041 1038 4114 nonduin
1068 4046 1162 4114 diru-
1246 4047 1248 4052 ’
1305 4043 1307 4048 ’

74 4149 297 4217 tramisisse
314 4149 456 4256 probare
489 4151 653 4220 videntur.
710 4153 881 4241 Nullaque
911 4149 982 4218 fere
1011 4165 1163 4242 tempore

930 4281 961 4350 q
977 4269 1000 4310 *
1055 4346 1058 4361 s
