<?xml version="1.0" encoding="UTF-8"?>
<!DOCTYPE html PUBLIC "-//W3C//DTD XHTML 1.0 Transitional//EN"
    "http://www.w3.org/TR/xhtml1/DTD/xhtml1-transitional.dtd">
<html xmlns="http://www.w3.org/1999/xhtml" xml:lang="en" lang="en">
 <head>
  <title>
</title>
<meta http-equiv="Content-Type" content="text/html;charset=utf-8" />
  <meta name='ocr-system' content='tesseract 3.04.00' />
  <meta name='ocr-capabilities' content='ocr_page ocr_carea ocr_par ocr_line ocrx_word'/>
</head>
<body>
  <div class='ocr_page' id='page_1' title='image "./commentariusina01ewalgoog_0257.png"; bbox 0 0 2802 4684; ppageno 0'>
   <div class='ocr_carea' id='block_1_1' title="bbox 246 265 1264 382">
    <p class='ocr_par' dir='ltr' id='par_1_1' title="bbox 246 265 1264 382">
     <span class='ocr_line' id='line_1_1' title="bbox 246 265 1264 382; baseline -0.006 -22"><span class='ocrx_word' id='word_1_1' title='bbox 246 293 320 368; x_wconf 72' lang='lat' dir='ltr'><strong>aar</strong></span> <span class='ocrx_word' id='word_1_2' title='bbox 384 287 427 358; x_wconf 88' lang='lat'><strong>11.</strong></span> <span class='ocrx_word' id='word_1_3' title='bbox 451 279 627 359; x_wconf 68' lang='lat' dir='ltr'><strong>varona.</strong></span> <span class='ocrx_word' id='word_1_4' title='bbox 662 289 722 360; x_wconf 86' lang='lat'><em>111.</em></span> <span class='ocrx_word' id='word_1_5' title='bbox 746 301 779 370; x_wconf 71' lang='grc' dir='ltr'><strong>ρ.</strong></span> <span class='ocrx_word' id='word_1_6' title='bbox 806 288 849 359; x_wconf 84' lang='grc' dir='ltr'><strong>Β.</strong></span> <span class='ocrx_word' id='word_1_7' title='bbox 868 265 906 370; x_wconf 81' lang='lat'><strong>3&#39;.</strong></span> <span class='ocrx_word' id='word_1_8' title='bbox 922 315 951 358; x_wconf 71' lang='lat' dir='ltr'><strong>a.</strong></span> <span class='ocrx_word' id='word_1_9' title='bbox 979 289 1067 382; x_wconf 70' lang='lat' dir='ltr'><strong>cap.</strong></span> <span class='ocrx_word' id='word_1_10' title='bbox 1090 295 1147 374; x_wconf 73' lang='lat'><strong>15,</strong></span> <span class='ocrx_word' id='word_1_11' title='bbox 1174 299 1207 366; x_wconf 75' lang='lat'><strong>9.</strong></span> <span class='ocrx_word' id='word_1_12' title='bbox 1229 299 1264 366; x_wconf 87' lang='lat'><strong>3.</strong></span> 
     </span>
    </p>
   </div>
   <div class='ocr_carea' id='block_1_2' title="bbox 139 465 1378 2270">
    <p class='ocr_par' dir='ltr' id='par_1_2' title="bbox 142 465 1375 641">
     <span class='ocr_line' id='line_1_2' title="bbox 243 465 1320 554; baseline -0.006 -18"><span class='ocrx_word' id='word_1_13' title='bbox 243 469 413 536; x_wconf 88' lang='lat' dir='ltr'><strong>stribuitur</strong></span> <span class='ocrx_word' id='word_1_14' title='bbox 436 465 491 550; x_wconf 62' lang='lat' dir='ltr'><strong>(cit</strong></span> <span class='ocrx_word' id='word_1_15' title='bbox 512 471 610 546; x_wconf 76' lang='lat' dir='ltr'><strong>Tam.</strong></span> <span class='ocrx_word' id='word_1_16' title='bbox 628 470 760 540; x_wconf 83' lang='lat' dir='ltr'><strong>Jonath.</strong></span> <span class='ocrx_word' id='word_1_17' title='bbox 782 473 821 536; x_wconf 84' lang='lat' dir='ltr'><strong>ad</strong></span> <span class='ocrx_word' id='word_1_18' title='bbox 844 471 910 536; x_wconf 87' lang='lat' dir='ltr'><strong>Jes.</strong></span> <span class='ocrx_word' id='word_1_19' title='bbox 935 482 987 550; x_wconf 84' lang='grc'><strong>51,</strong></span> <span class='ocrx_word' id='word_1_20' title='bbox 1010 467 1077 554; x_wconf 89' lang='grc'><strong>17).</strong></span> <span class='ocrx_word' id='word_1_21' title='bbox 1117 469 1229 552; x_wconf 82' lang='lat' dir='ltr'><strong>Quem</strong></span> <span class='ocrx_word' id='word_1_22' title='bbox 1249 469 1320 530; x_wconf 87' lang='lat' dir='ltr'><strong>irae</strong></span> 
     </span>
     <span class='ocr_line' id='line_1_3' title="bbox 142 556 1375 641; baseline -0.007 -18"><span class='ocrx_word' id='word_1_23' title='bbox 142 581 149 632; x_wconf 71' lang='grc' dir='ltr'>ζ</span> <span class='ocrx_word' id='word_1_24' title='bbox 243 557 375 622; x_wconf 83' lang='lat' dir='ltr'><strong>divinae</strong></span> <span class='ocrx_word' id='word_1_25' title='bbox 387 557 494 641; x_wconf 87' lang='lat' dir='ltr'><strong>plenis</strong></span> <span class='ocrx_word' id='word_1_26' title='bbox 503 559 609 624; x_wconf 87' lang='lat' dir='ltr'><strong>modis</strong></span> <span class='ocrx_word' id='word_1_27' title='bbox 622 581 692 622; x_wconf 86' lang='lat' dir='ltr'><strong>sese</strong></span> <span class='ocrx_word' id='word_1_28' title='bbox 702 562 910 624; x_wconf 80' lang='lat' dir='ltr'><strong>excaecantis</strong></span> <span class='ocrx_word' id='word_1_29' title='bbox 921 561 1018 622; x_wconf 84' lang='lat' dir='ltr'><strong>finem</strong></span> <span class='ocrx_word' id='word_1_30' title='bbox 1027 559 1194 620; x_wconf 80' lang='lat' dir='ltr'><strong>afferentes</strong></span> <span class='ocrx_word' id='word_1_31' title='bbox 1203 556 1320 635; x_wconf 85' lang='lat' dir='ltr'><strong>angeli</strong></span> <span class='ocrx_word' id='word_1_32' title='bbox 1374 619 1375 630; x_wconf 47' lang='lat'><strong>,</strong></span> 
     </span>
    </p>

    <p class='ocr_par' dir='ltr' id='par_1_3' title="bbox 193 642 1376 1074">
     <span class='ocr_line' id='line_1_4' title="bbox 193 642 1321 731; baseline -0.004 -26"><span class='ocrx_word' id='word_1_33' title='bbox 193 709 195 714; x_wconf 62' lang='grc'>,</span> <span class='ocrx_word' id='word_1_34' title='bbox 243 644 321 706; x_wconf 87' lang='lat' dir='ltr'><strong>satis</strong></span> <span class='ocrx_word' id='word_1_35' title='bbox 350 642 496 706; x_wconf 88' lang='lat' dir='ltr'><strong>distincti</strong></span> <span class='ocrx_word' id='word_1_36' title='bbox 524 655 602 706; x_wconf 89' lang='lat' dir='ltr'><strong>sunt</strong></span> <span class='ocrx_word' id='word_1_37' title='bbox 628 667 645 706; x_wconf 88' lang='lat' dir='ltr'><strong>a</strong></span> <span class='ocrx_word' id='word_1_38' title='bbox 674 658 799 731; x_wconf 84' lang='lat' dir='ltr'><strong>septem</strong></span> <span class='ocrx_word' id='word_1_39' title='bbox 828 646 991 710; x_wconf 83' lang='lat' dir='ltr'><strong>similibus</strong></span> <span class='ocrx_word' id='word_1_40' title='bbox 1020 665 1156 730; x_wconf 84' lang='lat' dir='ltr'><strong>poenam</strong></span> <span class='ocrx_word' id='word_1_41' title='bbox 1184 661 1321 704; x_wconf 88' lang='lat' dir='ltr'><strong>annun-</strong></span> 
     </span>
     <span class='ocr_line' id='line_1_5' title="bbox 243 727 1322 814; baseline -0.002 -24"><span class='ocrx_word' id='word_1_42' title='bbox 243 727 400 791; x_wconf 76' lang='lat' dir='ltr'><strong>tiantibus</strong></span> <span class='ocrx_word' id='word_1_43' title='bbox 428 740 460 790; x_wconf 90' lang='lat' dir='ltr'><strong>et</strong></span> <span class='ocrx_word' id='word_1_44' title='bbox 486 729 716 814; x_wconf 89' lang='lat' dir='ltr'><strong>incipientibus</strong></span> <span class='ocrx_word' id='word_1_45' title='bbox 750 753 778 792; x_wconf 88' lang='lat' dir='ltr'><strong>c.</strong></span> <span class='ocrx_word' id='word_1_46' title='bbox 805 739 836 800; x_wconf 83' lang='grc'><strong>8.</strong></span> <span class='ocrx_word' id='word_1_47' title='bbox 858 741 889 804; x_wconf 89' lang='grc'><strong>9.</strong></span> <span class='ocrx_word' id='word_1_48' title='bbox 942 730 1006 792; x_wconf 87' lang='lat' dir='ltr'><strong>Nec</strong></span> <span class='ocrx_word' id='word_1_49' title='bbox 1034 749 1164 814; x_wconf 89' lang='lat' dir='ltr'><strong>prorsus</strong></span> <span class='ocrx_word' id='word_1_50' title='bbox 1188 749 1322 790; x_wconf 86' lang='lat' dir='ltr'><strong>novum</strong></span> 
     </span>
     <span class='ocr_line' id='line_1_6' title="bbox 245 809 1322 911; baseline -0.004 -35"><span class='ocrx_word' id='word_1_51' title='bbox 245 815 312 878; x_wconf 89' lang='lat' dir='ltr'><strong>hoc</strong></span> <span class='ocrx_word' id='word_1_52' title='bbox 331 816 417 880; x_wconf 80' lang='lat' dir='ltr'><strong>vatis</strong></span> <span class='ocrx_word' id='word_1_53' title='bbox 440 827 676 894; x_wconf 78' lang='lat' dir='ltr'><strong>commentum3</strong></span> <span class='ocrx_word' id='word_1_54' title='bbox 697 837 773 878; x_wconf 87' lang='lat' dir='ltr'><strong>nam</strong></span> <span class='ocrx_word' id='word_1_55' title='bbox 793 815 905 879; x_wconf 78' lang='lat' dir='ltr'><strong>ludaei</strong></span> <span class='ocrx_word' id='word_1_56' title='bbox 926 809 992 911; x_wconf 84' lang='lat' dir='ltr'><strong>jam</strong></span> <span class='ocrx_word' id='word_1_57' title='bbox 1016 826 1089 876; x_wconf 86' lang='lat' dir='ltr'><strong>aute</strong></span> <span class='ocrx_word' id='word_1_58' title='bbox 1106 813 1166 876; x_wconf 79' lang='lat' dir='ltr'><strong>Cli.</strong></span> <span class='ocrx_word' id='word_1_59' title='bbox 1181 836 1216 874; x_wconf 91' lang='lat' dir='ltr'><strong>n.</strong></span> <span class='ocrx_word' id='word_1_60' title='bbox 1241 814 1322 898; x_wconf 89' lang='lat' dir='ltr'><strong>qui-</strong></span> 
     </span>
     <span class='ocr_line' id='line_1_7' title="bbox 244 897 1322 988; baseline -0.002 -28"><span class='ocrx_word' id='word_1_61' title='bbox 244 899 319 964; x_wconf 90' lang='lat' dir='ltr'><strong>dam</strong></span> <span class='ocrx_word' id='word_1_62' title='bbox 339 899 497 986; x_wconf 89' lang='lat' dir='ltr'><strong>multique</strong></span> <span class='ocrx_word' id='word_1_63' title='bbox 518 902 657 964; x_wconf 87' lang='lat' dir='ltr'><strong>seriores</strong></span> <span class='ocrx_word' id='word_1_64' title='bbox 682 901 721 963; x_wconf 86' lang='lat' dir='ltr'><strong>de</strong></span> <span class='ocrx_word' id='word_1_65' title='bbox 740 897 867 982; x_wconf 81' lang='lat' dir='ltr'><strong>angelis</strong></span> <span class='ocrx_word' id='word_1_66' title='bbox 888 902 1087 988; x_wconf 83' lang='lat' dir='ltr'><strong>(spiritibus)</strong></span> <span class='ocrx_word' id='word_1_67' title='bbox 1106 919 1232 985; x_wconf 86' lang='lat' dir='ltr'><strong>poenae</strong></span> <span class='ocrx_word' id='word_1_68' title='bbox 1251 903 1322 959; x_wconf 85' lang='lat' dir='ltr'><strong>im·</strong></span> 
     </span>
     <span class='ocr_line' id='line_1_8' title="bbox 241 979 1376 1074; baseline -0.003 -28"><span class='ocrx_word' id='word_1_69' title='bbox 241 987 374 1070; x_wconf 85' lang='lat' dir='ltr'><strong>piorum</strong></span> <span class='ocrx_word' id='word_1_70' title='bbox 394 985 613 1070; x_wconf 78' lang='lat' dir='ltr'><strong>exsequendae</strong></span> <span class='ocrx_word' id='word_1_71' title='bbox 631 987 801 1050; x_wconf 88' lang='lat' dir='ltr'><strong>destinatis</strong></span> <span class='ocrx_word' id='word_1_72' title='bbox 821 989 995 1074; x_wconf 88' lang='lat' dir='ltr'><strong>loquuntur</strong></span> <span class='ocrx_word' id='word_1_73' title='bbox 1020 981 1079 1064; x_wconf 70' lang='lat' dir='ltr'><strong>(cf.</strong></span> <span class='ocrx_word' id='word_1_74' title='bbox 1099 1006 1174 1070; x_wconf 86' lang='lat' dir='ltr'><strong>prae</strong></span> <span class='ocrx_word' id='word_1_75' title='bbox 1195 985 1321 1045; x_wconf 89' lang='lat' dir='ltr'><strong>ceteris</strong></span> <span class='ocrx_word' id='word_1_76' title='bbox 1375 979 1376 1068; x_wconf 61' lang='grc'><strong>1</strong></span> 
     </span>
    </p>

    <p class='ocr_par' dir='ltr' id='par_1_4' title="bbox 139 1064 1376 1327">
     <span class='ocr_line' id='line_1_9' title="bbox 139 1064 1376 1159; baseline -0.007 -17"><span class='ocrx_word' id='word_1_77' title='bbox 139 1144 143 1152; x_wconf 76' lang='grc'>,</span> <span class='ocrx_word' id='word_1_78' title='bbox 242 1071 312 1134; x_wconf 65' lang='lat' dir='ltr'><strong>des·</strong></span> <span class='ocrx_word' id='word_1_79' title='bbox 335 1071 398 1133; x_wconf 75' lang='lat' dir='ltr'><strong>Sir·</strong></span> <span class='ocrx_word' id='word_1_80' title='bbox 419 1081 554 1147; x_wconf 74' lang='lat'>39‚98·:</span> <span class='ocrx_word' id='word_1_81' title='bbox 575 1077 644 1139; x_wconf 78' lang='grc' dir='ltr'><strong><em>ἔστι</em></strong></span> <span class='ocrx_word' id='word_1_82' title='bbox 667 1064 848 1159; x_wconf 73' lang='grc' dir='ltr'><strong>πνεύματα</strong></span> <span class='ocrx_word' id='word_1_83' title='bbox 869 1069 956 1146; x_wconf 61' lang='lat' dir='ltr'><strong>itate</strong></span> <span class='ocrx_word' id='word_1_84' title='bbox 969 1070 1132 1156; x_wconf 71' lang='grc' dir='ltr'><strong><em>ἐκδίκησιν</em></strong></span> <span class='ocrx_word' id='word_1_85' title='bbox 1145 1075 1322 1137; x_wconf 62' lang='lat' dir='ltr'><strong>&amp;belovac-</strong></span> <span class='ocrx_word' id='word_1_86' title='bbox 1375 1077 1376 1108; x_wconf 68' lang='lat'><strong>³</strong></span> 
     </span>
     <span class='ocr_line' id='line_1_10' title="bbox 244 1147 1323 1248; baseline -0.005 -25"><span class='ocrx_word' id='word_1_87' title='bbox 244 1157 301 1224; x_wconf 74' lang='lat' dir='ltr'><strong>aul</strong></span> <span class='ocrx_word' id='word_1_88' title='bbox 331 1161 368 1222; x_wconf 76' lang='grc' dir='ltr'><strong>ἐν</strong></span> <span class='ocrx_word' id='word_1_89' title='bbox 400 1159 499 1240; x_wconf 69' lang='lat' dir='ltr'><strong>corpu]</strong></span> <span class='ocrx_word' id='word_1_90' title='bbox 529 1157 720 1232; x_wconf 78' lang='grc' dir='ltr'><strong><em>συντελείας</em></strong></span> <span class='ocrx_word' id='word_1_91' title='bbox 753 1152 877 1248; x_wconf 65' lang='grc' dir='ltr'><strong><em>ἰσχύι)</em></strong></span> <span class='ocrx_word' id='word_1_92' title='bbox 909 1156 1130 1246; x_wconf 70' lang='grc' dir='ltr'><strong><em>ἓιιχέσσσισ</em></strong></span> <span class='ocrx_word' id='word_1_93' title='bbox 1161 1155 1220 1220; x_wconf 74' lang='lat' dir='ltr'><strong>sol</strong></span> <span class='ocrx_word' id='word_1_94' title='bbox 1254 1147 1323 1219; x_wconf 78' lang='grc' dir='ltr'><strong>τὸν</strong></span> 
     </span>
     <span class='ocr_line' id='line_1_11' title="bbox 243 1232 1321 1327; baseline -0.007 -19"><span class='ocrx_word' id='word_1_95' title='bbox 243 1233 390 1326; x_wconf 71' lang='grc' dir='ltr'><em>θυμὸν</em></span> <span class='ocrx_word' id='word_1_96' title='bbox 420 1241 481 1308; x_wconf 75' lang='lat' dir='ltr'><strong>sori</strong></span> <span class='ocrx_word' id='word_1_97' title='bbox 503 1232 707 1327; x_wconf 67' lang='grc' dir='ltr'><strong><em>ποιήσαντος</em></strong></span> <span class='ocrx_word' id='word_1_98' title='bbox 727 1237 849 1318; x_wconf 67' lang='grc' dir='ltr'><em>αὐτούς</em></span> <span class='ocrx_word' id='word_1_99' title='bbox 870 1234 1093 1326; x_wconf 63' lang='lat' dir='ltr'><strong>ionicorum</strong></span> <span class='ocrx_word' id='word_1_100' title='bbox 1124 1239 1242 1311; x_wconf 78' lang='lat' dir='ltr'><strong>Enoch</strong></span> <span class='ocrx_word' id='word_1_101' title='bbox 1263 1250 1321 1314; x_wconf 77' lang='lat'><strong>52,</strong></span> 
     </span>
    </p>

    <p class='ocr_par' dir='ltr' id='par_1_5' title="bbox 190 1326 1377 1584">
     <span class='ocr_line' id='line_1_12' title="bbox 190 1326 1321 1416; baseline -0.013 -17"><span class='ocrx_word' id='word_1_102' title='bbox 190 1406 195 1416; x_wconf 32' lang='grc' dir='ltr'><strong><em>Ι</em></strong></span> <span class='ocrx_word' id='word_1_103' title='bbox 244 1329 403 1402; x_wconf 58' lang='grc'><strong>11514.</strong></span> <span class='ocrx_word' id='word_1_104' title='bbox 425 1333 477 1404; x_wconf 85' lang='lat'><strong>61,</strong></span> <span class='ocrx_word' id='word_1_105' title='bbox 502 1333 553 1398; x_wconf 80' lang='grc'><strong>14·</strong></span> <span class='ocrx_word' id='word_1_106' title='bbox 575 1335 627 1404; x_wconf 77' lang='lat'><strong>62,</strong></span> <span class='ocrx_word' id='word_1_107' title='bbox 650 1339 667 1397; x_wconf 90' lang='lat'><strong>1</strong></span> <span class='ocrx_word' id='word_1_108' title='bbox 690 1327 758 1410; x_wconf 75' lang='lat' dir='ltr'><strong>tubi</strong></span> <span class='ocrx_word' id='word_1_109' title='bbox 778 1327 900 1414; x_wconf 81' lang='lat' dir='ltr'><strong>angeli</strong></span> <span class='ocrx_word' id='word_1_110' title='bbox 919 1326 995 1390; x_wconf 81' lang='lat' dir='ltr'><strong>irae</strong></span> <span class='ocrx_word' id='word_1_111' title='bbox 1016 1327 1186 1403; x_wconf 88' lang='lat' dir='ltr'><strong>dicuntur).</strong></span> <span class='ocrx_word' id='word_1_112' title='bbox 1207 1331 1264 1403; x_wconf 88' lang='lat'><strong>65,</strong></span> <span class='ocrx_word' id='word_1_113' title='bbox 1289 1337 1321 1394; x_wconf 87' lang='lat'><strong>1.</strong></span> 
     </span>
     <span class='ocr_line' id='line_1_13' title="bbox 245 1395 1377 1503; baseline -0.011 -19"><span class='ocrx_word' id='word_1_114' title='bbox 245 1422 329 1488; x_wconf 57' lang='lat'><strong>1024</strong></span> <span class='ocrx_word' id='word_1_115' title='bbox 348 1420 380 1482; x_wconf 83' lang='lat'><strong>3.</strong></span> <span class='ocrx_word' id='word_1_116' title='bbox 402 1416 442 1490; x_wconf 77' lang='lat'><strong>43</strong></span> <span class='ocrx_word' id='word_1_117' title='bbox 463 1424 590 1480; x_wconf 85' lang='lat' dir='ltr'><strong>testam.</strong></span> <span class='ocrx_word' id='word_1_118' title='bbox 610 1412 684 1476; x_wconf 84' lang='grc' dir='ltr'><strong>ΧΠ</strong></span> <span class='ocrx_word' id='word_1_119' title='bbox 703 1416 876 1503; x_wconf 85' lang='lat' dir='ltr'><strong>patriarch.</strong></span> <span class='ocrx_word' id='word_1_120' title='bbox 895 1413 931 1474; x_wconf 93' lang='lat' dir='ltr'><strong>in</strong></span> <span class='ocrx_word' id='word_1_121' title='bbox 951 1411 1074 1474; x_wconf 82' lang='lat' dir='ltr'><strong>Fabric.</strong></span> <span class='ocrx_word' id='word_1_122' title='bbox 1104 1412 1249 1497; x_wconf 51' lang='lat' dir='ltr'><strong>codsps.</strong></span> <span class='ocrx_word' id='word_1_123' title='bbox 1271 1409 1322 1472; x_wconf 85' lang='lat' dir='ltr'><strong>V.</strong></span> <span class='ocrx_word' id='word_1_124' title='bbox 1375 1395 1377 1472; x_wconf 60' lang='grc'><strong>1</strong></span> 
     </span>
     <span class='ocr_line' id='line_1_14' title="bbox 245 1495 1377 1584; baseline -0.007 -24"><span class='ocrx_word' id='word_1_125' title='bbox 245 1495 286 1560; x_wconf 90' lang='grc' dir='ltr'><strong>Τ.</strong></span> <span class='ocrx_word' id='word_1_126' title='bbox 304 1520 337 1583; x_wconf 88' lang='lat' dir='ltr'><strong>p.</strong></span> <span class='ocrx_word' id='word_1_127' title='bbox 357 1501 453 1574; x_wconf 76' lang='lat'><strong>547),</strong></span> <span class='ocrx_word' id='word_1_128' title='bbox 473 1510 511 1560; x_wconf 90' lang='lat' dir='ltr'><strong>ut</strong></span> <span class='ocrx_word' id='word_1_129' title='bbox 531 1512 632 1562; x_wconf 89' lang='lat' dir='ltr'><strong>artem</strong></span> <span class='ocrx_word' id='word_1_130' title='bbox 651 1511 776 1562; x_wconf 91' lang='lat' dir='ltr'><strong>tantum</strong></span> <span class='ocrx_word' id='word_1_131' title='bbox 804 1521 865 1584; x_wconf 91' lang='lat' dir='ltr'><strong>qua</strong></span> <span class='ocrx_word' id='word_1_132' title='bbox 892 1509 983 1560; x_wconf 86' lang='lat' dir='ltr'><strong>vates</strong></span> <span class='ocrx_word' id='word_1_133' title='bbox 1013 1497 1132 1560; x_wconf 83' lang='lat' dir='ltr'><strong>omnia‘</strong></span> <span class='ocrx_word' id='word_1_134' title='bbox 1148 1499 1323 1583; x_wconf 83' lang='lat' dir='ltr'><strong>pertexuit</strong></span> <span class='ocrx_word' id='word_1_135' title='bbox 1376 1541 1377 1552; x_wconf 67' lang='grc'>,</span> 
     </span>
    </p>

    <p class='ocr_par' dir='ltr' id='par_1_6' title="bbox 197 1581 1379 2270">
     <span class='ocr_line' id='line_1_15' title="bbox 197 1581 1322 1672; baseline -0.003 -26"><span class='ocrx_word' id='word_1_136' title='bbox 197 1613 201 1621; x_wconf 72' lang='grc'>’</span> <span class='ocrx_word' id='word_1_137' title='bbox 243 1584 380 1670; x_wconf 87' lang='lat' dir='ltr'><strong>locoque</strong></span> <span class='ocrx_word' id='word_1_138' title='bbox 399 1585 538 1646; x_wconf 80' lang='lat' dir='ltr'><strong>irrseruit</strong></span> <span class='ocrx_word' id='word_1_139' title='bbox 553 1597 634 1672; x_wconf 69' lang='lat' dir='ltr'><strong>‘apto</strong></span> <span class='ocrx_word' id='word_1_140' title='bbox 657 1585 836 1648; x_wconf 78' lang='lat' dir='ltr'><strong>admireris.</strong></span> <span class='ocrx_word' id='word_1_141' title='bbox 877 1581 940 1646; x_wconf 86' lang='lat' dir='ltr'><strong>Sed</strong></span> <span class='ocrx_word' id='word_1_142' title='bbox 964 1583 1021 1646; x_wconf 86' lang='lat' dir='ltr'><strong>tali</strong></span> <span class='ocrx_word' id='word_1_143' title='bbox 1038 1605 1160 1669; x_wconf 85' lang='lat' dir='ltr'><strong>poenae</strong></span> <span class='ocrx_word' id='word_1_144' title='bbox 1179 1585 1322 1646; x_wconf 86' lang='lat' dir='ltr'><strong>ultimae</strong></span> 
     </span>
     <span class='ocr_line' id='line_1_16' title="bbox 243 1668 1320 1754; baseline 0 -24"><span class='ocrx_word' id='word_1_145' title='bbox 243 1668 455 1754; x_wconf 84' lang='lat' dir='ltr'><strong>descriptioni</strong></span> <span class='ocrx_word' id='word_1_146' title='bbox 478 1673 687 1750; x_wconf 83' lang='lat' dir='ltr'><strong>gravissimae</strong></span> <span class='ocrx_word' id='word_1_147' title='bbox 708 1683 744 1733; x_wconf 91' lang='lat' dir='ltr'><strong>ut</strong></span> <span class='ocrx_word' id='word_1_148' title='bbox 765 1670 861 1750; x_wconf 85' lang='lat' dir='ltr'><strong>digne</strong></span> <span class='ocrx_word' id='word_1_149' title='bbox 882 1669 961 1731; x_wconf 88' lang='lat' dir='ltr'><strong>satis</strong></span> <span class='ocrx_word' id='word_1_150' title='bbox 982 1668 1201 1754; x_wconf 75' lang='lat' dir='ltr'><strong>praeludatur,</strong></span> <span class='ocrx_word' id='word_1_151' title='bbox 1225 1680 1320 1730; x_wconf 87' lang='lat' dir='ltr'><strong>vates</strong></span> 
     </span>
     <span class='ocr_line' id='line_1_17' title="bbox 243 1752 1318 1852; baseline -0.003 -34"><span class='ocrx_word' id='word_1_152' title='bbox 243 1755 390 1818; x_wconf 77' lang='lat' dir='ltr'><strong>visiones</strong></span> <span class='ocrx_word' id='word_1_153' title='bbox 421 1754 498 1818; x_wconf 88' lang='lat' dir='ltr'><strong>duas</strong></span> <span class='ocrx_word' id='word_1_154' title='bbox 535 1759 685 1842; x_wconf 76' lang='lat' dir='ltr'><strong>praevias</strong></span> <span class='ocrx_word' id='word_1_155' title='bbox 716 1758 848 1832; x_wconf 87' lang='lat' dir='ltr'><strong>inserit,</strong></span> <span class='ocrx_word' id='word_1_156' title='bbox 879 1775 1012 1840; x_wconf 87' lang='lat' dir='ltr'><strong>quarum</strong></span> <span class='ocrx_word' id='word_1_157' title='bbox 1040 1756 1130 1840; x_wconf 86' lang='lat' dir='ltr'><strong>prior</strong></span> <span class='ocrx_word' id='word_1_158' title='bbox 1157 1752 1318 1852; x_wconf 87' lang='lat' dir='ltr'><strong>justitiae,</strong></span> 
     </span>
     <span class='ocr_line' id='line_1_18' title="bbox 244 1833 1378 1933; baseline -0.002 -31"><span class='ocrx_word' id='word_1_159' title='bbox 244 1861 325 1928; x_wconf 88' lang='lat' dir='ltr'><strong>quae</strong></span> <span class='ocrx_word' id='word_1_160' title='bbox 348 1833 413 1933; x_wconf 83' lang='lat' dir='ltr'><strong>jam</strong></span> <span class='ocrx_word' id='word_1_161' title='bbox 437 1861 505 1902; x_wconf 89' lang='lat' dir='ltr'><strong>sese</strong></span> <span class='ocrx_word' id='word_1_162' title='bbox 526 1839 727 1917; x_wconf 79' lang='lat' dir='ltr'><strong>manifestet,</strong></span> <span class='ocrx_word' id='word_1_163' title='bbox 748 1842 877 1904; x_wconf 87' lang='lat' dir='ltr'><strong>divinae</strong></span> <span class='ocrx_word' id='word_1_164' title='bbox 897 1839 1010 1902; x_wconf 86' lang='lat' dir='ltr'><strong>laudes</strong></span> <span class='ocrx_word' id='word_1_165' title='bbox 1028 1842 1180 1916; x_wconf 83' lang='lat' dir='ltr'><strong>celebrat,</strong></span> <span class='ocrx_word' id='word_1_166' title='bbox 1213 1842 1318 1902; x_wconf 85' lang='lat' dir='ltr'><strong>altera</strong></span> <span class='ocrx_word' id='word_1_167' title='bbox 1377 1845 1378 1850; x_wconf 76' lang='grc'>’</span> 
     </span>
     <span class='ocr_line' id='line_1_19' title="bbox 241 1918 1317 2022; baseline 0 -36"><span class='ocrx_word' id='word_1_168' title='bbox 241 1925 381 2012; x_wconf 87' lang='lat' dir='ltr'><strong>propius</strong></span> <span class='ocrx_word' id='word_1_169' title='bbox 405 1918 471 2022; x_wconf 82' lang='lat' dir='ltr'><strong>jam</strong></span> <span class='ocrx_word' id='word_1_170' title='bbox 490 1926 529 1990; x_wconf 86' lang='lat' dir='ltr'><strong>ad</strong></span> <span class='ocrx_word' id='word_1_171' title='bbox 547 1943 668 2014; x_wconf 88' lang='lat' dir='ltr'><strong>septem</strong></span> <span class='ocrx_word' id='word_1_172' title='bbox 690 1929 770 1990; x_wconf 85' lang='lat' dir='ltr'><strong>istos</strong></span> <span class='ocrx_word' id='word_1_173' title='bbox 797 1927 929 2009; x_wconf 79' lang='lat' dir='ltr'><strong>angelos</strong></span> <span class='ocrx_word' id='word_1_174' title='bbox 961 1929 1047 1988; x_wconf 89' lang='lat' dir='ltr'><strong>inter</strong></span> <span class='ocrx_word' id='word_1_175' title='bbox 1069 1927 1136 1988; x_wconf 83' lang='lat' dir='ltr'><strong>iras</strong></span> <span class='ocrx_word' id='word_1_176' title='bbox 1165 1925 1220 1987; x_wconf 90' lang='lat' dir='ltr'><strong>dei</strong></span> <span class='ocrx_word' id='word_1_177' title='bbox 1250 1928 1317 1986; x_wconf 86' lang='lat' dir='ltr'><strong>irn-</strong></span> 
     </span>
     <span class='ocr_line' id='line_1_20' title="bbox 243 2009 1318 2100; baseline -0.001 -28"><span class='ocrx_word' id='word_1_178' title='bbox 243 2011 412 2096; x_wconf 87' lang='lat' dir='ltr'><strong>placabilis</strong></span> <span class='ocrx_word' id='word_1_179' title='bbox 430 2013 588 2094; x_wconf 83' lang='lat' dir='ltr'><strong>imagines</strong></span> <span class='ocrx_word' id='word_1_180' title='bbox 604 2013 814 2100; x_wconf 87' lang='lat' dir='ltr'><strong>procedentes</strong></span> <span class='ocrx_word' id='word_1_181' title='bbox 838 2011 959 2074; x_wconf 89' lang='lat' dir='ltr'><strong>accedit</strong></span> <span class='ocrx_word' id='word_1_182' title='bbox 978 2011 1213 2074; x_wconf 88' lang='lat' dir='ltr'><strong>describendos.</strong></span> <span class='ocrx_word' id='word_1_183' title='bbox 1247 2009 1318 2091; x_wconf 81' lang='lat' dir='ltr'><strong>lgi-</strong></span> 
     </span>
     <span class='ocr_line' id='line_1_21' title="bbox 242 2097 1316 2184; baseline -0.002 -24"><span class='ocrx_word' id='word_1_184' title='bbox 242 2107 296 2160; x_wconf 85' lang='lat' dir='ltr'><strong>tur</strong></span> <span class='ocrx_word' id='word_1_185' title='bbox 318 2099 492 2181; x_wconf 86' lang='lat' dir='ltr'><strong>praemissa</strong></span> <span class='ocrx_word' id='word_1_186' title='bbox 513 2120 546 2175; x_wconf 74' lang='lat' dir='ltr'><strong>y.</strong></span> <span class='ocrx_word' id='word_1_187' title='bbox 569 2111 587 2170; x_wconf 84' lang='lat'>1</span> <span class='ocrx_word' id='word_1_188' title='bbox 615 2100 803 2180; x_wconf 85' lang='lat' dir='ltr'><strong>angelbrum</strong></span> <span class='ocrx_word' id='word_1_189' title='bbox 831 2099 1026 2183; x_wconf 84' lang='lat' dir='ltr'><strong>consiliique</strong></span> <span class='ocrx_word' id='word_1_190' title='bbox 1053 2097 1139 2184; x_wconf 91' lang='lat' dir='ltr'><strong>quod</strong></span> <span class='ocrx_word' id='word_1_191' title='bbox 1168 2097 1316 2160; x_wconf 84' lang='lat' dir='ltr'><strong>effecturi</strong></span> 
     </span>
     <span class='ocr_line' id='line_1_22' title="bbox 241 2182 1129 2270; baseline 0.008 -24"><span class='ocrx_word' id='word_1_192' title='bbox 241 2182 405 2269; x_wconf 83' lang='lat' dir='ltr'><strong>prodeunt</strong></span> <span class='ocrx_word' id='word_1_193' title='bbox 424 2187 590 2248; x_wconf 85' lang='lat' dir='ltr'><strong>mentione</strong></span> <span class='ocrx_word' id='word_1_194' title='bbox 605 2186 698 2249; x_wconf 87' lang='lat' dir='ltr'><strong>brevi</strong></span> <span class='ocrx_word' id='word_1_195' title='bbox 721 2187 878 2270; x_wconf 76' lang='grc' dir='ltr'><strong>(σημεῖον</strong></span> <span class='ocrx_word' id='word_1_196' title='bbox 899 2183 995 2246; x_wconf 69' lang='lat' dir='ltr'><strong>mad</strong></span> <span class='ocrx_word' id='word_1_197' title='bbox 1017 2193 1068 2259; x_wconf 78' lang='lat'><strong>12,</strong></span> <span class='ocrx_word' id='word_1_198' title='bbox 1088 2189 1129 2260; x_wconf 67' lang='lat' dir='ltr'><strong>l)³</strong></span> 
     </span>
    </p>
   </div>
   <div class='ocr_carea' id='block_1_3' title="bbox 125 2347 1380 4157">
    <p class='ocr_par' dir='ltr' id='par_1_7' title="bbox 325 2347 1315 2436">
     <span class='ocr_line' id='line_1_23' title="bbox 325 2347 1315 2436; baseline -0.005 -22"><span class='ocrx_word' id='word_1_199' title='bbox 325 2353 358 2428; x_wconf 88' lang='lat' dir='ltr'><strong>a)</strong></span> <span class='ocrx_word' id='word_1_200' title='bbox 383 2360 432 2426; x_wconf 84' lang='lat'><strong>15,</strong></span> <span class='ocrx_word' id='word_1_201' title='bbox 454 2354 549 2422; x_wconf 75' lang='lat'><strong>2—4.</strong></span> <span class='ocrx_word' id='word_1_202' title='bbox 578 2352 749 2418; x_wconf 86' lang='lat' dir='ltr'><strong>christiani</strong></span> <span class='ocrx_word' id='word_1_203' title='bbox 782 2367 940 2436; x_wconf 83' lang='lat' dir='ltr'><strong>martyres</strong></span> <span class='ocrx_word' id='word_1_204' title='bbox 969 2351 1142 2421; x_wconf 74' lang='lat' dir='ltr'><strong>exantlatis</strong></span> <span class='ocrx_word' id='word_1_205' title='bbox 1174 2347 1211 2411; x_wconf 90' lang='lat' dir='ltr'><strong>in</strong></span> <span class='ocrx_word' id='word_1_206' title='bbox 1232 2361 1315 2411; x_wconf 87' lang='lat' dir='ltr'><strong>terra</strong></span> 
     </span>
    </p>

    <p class='ocr_par' dir='ltr' id='par_1_8' title="bbox 241 2436 1380 2526">
     <span class='ocr_line' id='line_1_24' title="bbox 241 2436 1380 2526; baseline -0.003 -28"><span class='ocrx_word' id='word_1_207' title='bbox 241 2438 471 2500; x_wconf 81' lang='lat' dir='ltr'><strong>vexationibus</strong></span> <span class='ocrx_word' id='word_1_208' title='bbox 499 2437 585 2498; x_wconf 87' lang='lat' dir='ltr'><strong>beati</strong></span> <span class='ocrx_word' id='word_1_209' title='bbox 611 2442 899 2526; x_wconf 83' lang='lat' dir='ltr'><strong>coelicolarumque</strong></span> <span class='ocrx_word' id='word_1_210' title='bbox 926 2460 1124 2502; x_wconf 89' lang='lat' dir='ltr'><strong>summorum</strong></span> <span class='ocrx_word' id='word_1_211' title='bbox 1152 2436 1231 2496; x_wconf 87' lang='lat' dir='ltr'><strong>odas</strong></span> <span class='ocrx_word' id='word_1_212' title='bbox 1260 2455 1314 2495; x_wconf 91' lang='lat' dir='ltr'><strong>su·</strong></span> <span class='ocrx_word' id='word_1_213' title='bbox 1379 2461 1380 2502; x_wconf 71' lang='lat' dir='ltr'><strong>t</strong></span> 
     </span>
    </p>

    <p class='ocr_par' dir='ltr' id='par_1_9' title="bbox 125 2517 1380 4157">
     <span class='ocr_line' id='line_1_25' title="bbox 142 2517 1380 2621; baseline -0.002 -37"><span class='ocrx_word' id='word_1_214' title='bbox 142 2545 145 2554; x_wconf 57' lang='lat'>¹</span> <span class='ocrx_word' id='word_1_215' title='bbox 243 2523 361 2588; x_wconf 84' lang='lat' dir='ltr'><strong>bttmes</strong></span> <span class='ocrx_word' id='word_1_216' title='bbox 376 2525 540 2584; x_wconf 87' lang='lat' dir='ltr'><strong>imitantes</strong></span> <span class='ocrx_word' id='word_1_217' title='bbox 555 2521 608 2584; x_wconf 90' lang='lat' dir='ltr'><strong>dei</strong></span> <span class='ocrx_word' id='word_1_218' title='bbox 630 2527 769 2588; x_wconf 85' lang='lat' dir='ltr'><strong>vindicis</strong></span> <span class='ocrx_word' id='word_1_219' title='bbox 788 2520 946 2621; x_wconf 81' lang='lat' dir='ltr'><strong>justitiam</strong></span> <span class='ocrx_word' id='word_1_220' title='bbox 966 2526 1159 2586; x_wconf 83' lang='lat' dir='ltr'><strong>celebrantes</strong></span> <span class='ocrx_word' id='word_1_221' title='bbox 1178 2543 1313 2588; x_wconf 82' lang='lat' dir='ltr'><strong>cernun-</strong></span> <span class='ocrx_word' id='word_1_222' title='bbox 1379 2517 1380 2536; x_wconf 61' lang='lat'>¹</span> 
     </span>
     <span class='ocr_line' id='line_1_26' title="bbox 243 2599 1312 2698; baseline -0.005 -28"><span class='ocrx_word' id='word_1_223' title='bbox 243 2619 307 2670; x_wconf 90' lang='lat' dir='ltr'><strong>tur.</strong></span> <span class='ocrx_word' id='word_1_224' title='bbox 350 2606 483 2692; x_wconf 86' lang='lat' dir='ltr'><strong>Jamque</strong></span> <span class='ocrx_word' id='word_1_225' title='bbox 504 2609 578 2693; x_wconf 89' lang='lat' dir='ltr'><strong>ipso</strong></span> <span class='ocrx_word' id='word_1_226' title='bbox 600 2604 684 2672; x_wconf 87' lang='lat' dir='ltr'><strong>sacto</strong></span> <span class='ocrx_word' id='word_1_227' title='bbox 706 2599 810 2674; x_wconf 74' lang='lat' dir='ltr'><strong>elucet</strong></span> <span class='ocrx_word' id='word_1_228' title='bbox 840 2633 935 2698; x_wconf 89' lang='lat' dir='ltr'><strong>quarn</strong></span> <span class='ocrx_word' id='word_1_229' title='bbox 963 2607 1162 2672; x_wconf 81' lang='lat' dir='ltr'><strong>venerandus</strong></span> <span class='ocrx_word' id='word_1_230' title='bbox 1194 2607 1312 2667; x_wconf 87' lang='lat' dir='ltr'><strong>timen-</strong></span> 
     </span>
     <span class='ocr_line' id='line_1_27' title="bbox 246 2691 1311 2782; baseline -0.004 -26"><span class='ocrx_word' id='word_1_231' title='bbox 246 2693 367 2778; x_wconf 88' lang='lat' dir='ltr'><strong>dusque</strong></span> <span class='ocrx_word' id='word_1_232' title='bbox 395 2695 438 2756; x_wconf 87' lang='lat' dir='ltr'><strong>sit</strong></span> <span class='ocrx_word' id='word_1_233' title='bbox 466 2691 544 2755; x_wconf 88' lang='lat' dir='ltr'><strong>deus</strong></span> <span class='ocrx_word' id='word_1_234' title='bbox 579 2717 700 2780; x_wconf 89' lang='lat' dir='ltr'><strong>poenas</strong></span> <span class='ocrx_word' id='word_1_235' title='bbox 734 2700 927 2781; x_wconf 86' lang='lat' dir='ltr'><strong>promeritas</strong></span> <span class='ocrx_word' id='word_1_236' title='bbox 959 2697 1214 2782; x_wconf 87' lang='lat' dir='ltr'><strong>procrastinans,</strong></span> <span class='ocrx_word' id='word_1_237' title='bbox 1246 2713 1311 2754; x_wconf 88' lang='lat' dir='ltr'><strong>non</strong></span> 
     </span>
     <span class='ocr_line' id='line_1_28' title="bbox 194 2777 1313 2880; baseline -0.005 -38"><span class='ocrx_word' id='word_1_238' title='bbox 194 2851 198 2867; x_wconf 39' lang='grc' dir='ltr'>Ι</span> <span class='ocrx_word' id='word_1_239' title='bbox 242 2781 365 2843; x_wconf 85' lang='lat' dir='ltr'><strong>tollens</strong></span> <span class='ocrx_word' id='word_1_240' title='bbox 384 2777 607 2859; x_wconf 80' lang='lat' dir='ltr'><strong>negligensve.</strong></span> <span class='ocrx_word' id='word_1_241' title='bbox 649 2783 777 2846; x_wconf 83' lang='lat' dir='ltr'><strong>Similia</strong></span> <span class='ocrx_word' id='word_1_242' title='bbox 798 2785 906 2870; x_wconf 88' lang='lat' dir='ltr'><strong>operis</strong></span> <span class='ocrx_word' id='word_1_243' title='bbox 922 2778 1019 2880; x_wconf 86' lang='lat' dir='ltr'><strong>hujus</strong></span> <span class='ocrx_word' id='word_1_244' title='bbox 1042 2781 1101 2842; x_wconf 85' lang='lat' dir='ltr'><strong>lini</strong></span> <span class='ocrx_word' id='word_1_245' title='bbox 1118 2799 1243 2840; x_wconf 91' lang='lat' dir='ltr'><strong>summo</strong></span> <span class='ocrx_word' id='word_1_246' title='bbox 1259 2777 1313 2837; x_wconf 90' lang='lat' dir='ltr'><strong>ad-</strong></span> 
     </span>
     <span class='ocr_line' id='line_1_29' title="bbox 245 2861 1312 2954; baseline 0.004 -26"><span class='ocrx_word' id='word_1_247' title='bbox 245 2863 380 2928; x_wconf 89' lang='lat' dir='ltr'><strong>modum</strong></span> <span class='ocrx_word' id='word_1_248' title='bbox 401 2878 616 2928; x_wconf 88' lang='lat' dir='ltr'><strong>consentanea</strong></span> <span class='ocrx_word' id='word_1_249' title='bbox 648 2871 777 2954; x_wconf 87' lang='lat' dir='ltr'><strong>saepius</strong></span> <span class='ocrx_word' id='word_1_250' title='bbox 806 2883 973 2932; x_wconf 88' lang='lat' dir='ltr'><strong>occurrunt</strong></span> <span class='ocrx_word' id='word_1_251' title='bbox 1001 2861 1042 2929; x_wconf 88' lang='lat' dir='ltr'><strong>cf.</strong></span> <span class='ocrx_word' id='word_1_252' title='bbox 1065 2877 1120 2940; x_wconf 80' lang='lat'><strong>11,</strong></span> <span class='ocrx_word' id='word_1_253' title='bbox 1144 2875 1183 2932; x_wconf 82' lang='grc'><strong>18</strong></span> <span class='ocrx_word' id='word_1_254' title='bbox 1206 2874 1242 2932; x_wconf 77' lang='lat' dir='ltr'><strong>et.</strong></span> <span class='ocrx_word' id='word_1_255' title='bbox 1260 2885 1312 2924; x_wconf 66' lang='grc'><strong>811-</strong></span> 
     </span>
     <span class='ocr_line' id='line_1_30' title="bbox 245 2943 1313 3036; baseline -0.002 -25"><span class='ocrx_word' id='word_1_256' title='bbox 245 2971 304 3036; x_wconf 87' lang='lat' dir='ltr'><strong>pra</strong></span> <span class='ocrx_word' id='word_1_257' title='bbox 322 2971 355 3034; x_wconf 88' lang='lat' dir='ltr'><strong>p.</strong></span> <span class='ocrx_word' id='word_1_258' title='bbox 376 2961 428 3020; x_wconf 75' lang='lat'><strong>21.</strong></span> <span class='ocrx_word' id='word_1_259' title='bbox 470 2949 563 3016; x_wconf 85' lang='lat' dir='ltr'><strong>Beati</strong></span> <span class='ocrx_word' id='word_1_260' title='bbox 583 2955 751 3016; x_wconf 82' lang='lat' dir='ltr'><strong>christiani</strong></span> <span class='ocrx_word' id='word_1_261' title='bbox 772 2965 920 3018; x_wconf 84' lang='lat' dir='ltr'><strong>canentes</strong></span> <span class='ocrx_word' id='word_1_262' title='bbox 940 2954 1139 3036; x_wconf 88' lang='lat' dir='ltr'><strong>citharasque</strong></span> <span class='ocrx_word' id='word_1_263' title='bbox 1160 2953 1208 3024; x_wconf 88' lang='lat' dir='ltr'><strong>(v.</strong></span> <span class='ocrx_word' id='word_1_264' title='bbox 1225 2957 1256 3022; x_wconf 86' lang='lat'><strong>5,</strong></span> <span class='ocrx_word' id='word_1_265' title='bbox 1270 2943 1313 3031; x_wconf 81' lang='grc'><strong>6.)</strong></span> 
     </span>
     <span class='ocr_line' id='line_1_31' title="bbox 246 3033 1313 3125; baseline -0.006 -25"><span class='ocrx_word' id='word_1_266' title='bbox 246 3033 448 3100; x_wconf 87' lang='lat' dir='ltr'><strong>modulantes</strong></span> <span class='ocrx_word' id='word_1_267' title='bbox 468 3037 545 3098; x_wconf 80' lang='lat' dir='ltr'><strong>loco&#39;</strong></span> <span class='ocrx_word' id='word_1_268' title='bbox 563 3037 645 3123; x_wconf 82' lang='lat' dir='ltr'><strong>ipsis</strong></span> <span class='ocrx_word' id='word_1_269' title='bbox 665 3040 764 3118; x_wconf 82' lang='lat' dir='ltr'><strong>digno</strong></span> <span class='ocrx_word' id='word_1_270' title='bbox 784 3041 1033 3125; x_wconf 89' lang='lat' dir='ltr'><strong>conspiciuntur,</strong></span> <span class='ocrx_word' id='word_1_271' title='bbox 1056 3037 1091 3096; x_wconf 92' lang='lat' dir='ltr'><strong>in</strong></span> <span class='ocrx_word' id='word_1_272' title='bbox 1111 3035 1164 3096; x_wconf 89' lang='lat' dir='ltr'><strong>dei</strong></span> <span class='ocrx_word' id='word_1_273' title='bbox 1186 3045 1219 3096; x_wconf 88' lang='lat' dir='ltr'><strong>et</strong></span> <span class='ocrx_word' id='word_1_274' title='bbox 1241 3055 1313 3094; x_wconf 89' lang='lat' dir='ltr'><strong>coe·</strong></span> 
     </span>
     <span class='ocr_line' id='line_1_32' title="bbox 245 3113 1314 3206; baseline -0.005 -22"><span class='ocrx_word' id='word_1_275' title='bbox 245 3119 417 3184; x_wconf 83' lang='lat' dir='ltr'><strong>licolarum</strong></span> <span class='ocrx_word' id='word_1_276' title='bbox 449 3142 646 3186; x_wconf 89' lang='lat' dir='ltr'><strong>summorum</strong></span> <span class='ocrx_word' id='word_1_277' title='bbox 676 3125 808 3188; x_wconf 82' lang='lat' dir='ltr'><strong>vicinia.</strong></span> <span class='ocrx_word' id='word_1_278' title='bbox 868 3121 975 3206; x_wconf 89' lang='lat' dir='ltr'><strong>Quem</strong></span> <span class='ocrx_word' id='word_1_279' title='bbox 1005 3113 1112 3183; x_wconf 79' lang='lat' dir='ltr'><strong>locum</strong></span> <span class='ocrx_word' id='word_1_280' title='bbox 1144 3131 1314 3200; x_wconf 83' lang='lat' dir='ltr'><strong>augustum</strong></span> 
     </span>
     <span class='ocr_line' id='line_1_33' title="bbox 247 3203 1312 3292; baseline 0.001 -25"><span class='ocrx_word' id='word_1_281' title='bbox 247 3219 337 3267; x_wconf 86' lang='lat' dir='ltr'><strong>vates</strong></span> <span class='ocrx_word' id='word_1_282' title='bbox 358 3205 452 3267; x_wconf 84' lang='lat' dir='ltr'><strong>mari</strong></span> <span class='ocrx_word' id='word_1_283' title='bbox 471 3205 593 3278; x_wconf 58' lang='lat' dir='ltr'><strong>vitreo.</strong></span> <span class='ocrx_word' id='word_1_284' title='bbox 603 3211 800 3272; x_wconf 85' lang='lat' dir='ltr'><strong>assimilavit</strong></span> <span class='ocrx_word' id='word_1_285' title='bbox 818 3231 873 3273; x_wconf 90' lang='lat' dir='ltr'><strong>seu</strong></span> <span class='ocrx_word' id='word_1_286' title='bbox 893 3203 1030 3272; x_wconf 84' lang='lat' dir='ltr'><strong>nubibus</strong></span> <span class='ocrx_word' id='word_1_287' title='bbox 1046 3206 1218 3292; x_wconf 86' lang='lat' dir='ltr'><strong>pellucidis</strong></span> <span class='ocrx_word' id='word_1_288' title='bbox 1239 3211 1312 3268; x_wconf 79' lang='lat' dir='ltr'><strong>carr-</strong></span> 
     </span>
     <span class='ocr_line' id='line_1_34' title="bbox 179 3277 1315 3382; baseline 0 -29"><span class='ocrx_word' id='word_1_289' title='bbox 179 3343 189 3366; x_wconf 76' lang='lat'><strong>,</strong></span> <span class='ocrx_word' id='word_1_290' title='bbox 246 3291 388 3376; x_wconf 89' lang='lat' dir='ltr'><strong>doreque</strong></span> <span class='ocrx_word' id='word_1_291' title='bbox 409 3293 532 3354; x_wconf 86' lang='lat' dir='ltr'><strong>eximio</strong></span> <span class='ocrx_word' id='word_1_292' title='bbox 554 3295 745 3358; x_wconf 89' lang='lat' dir='ltr'><strong>micantibus</strong></span> <span class='ocrx_word' id='word_1_293' title='bbox 769 3291 823 3382; x_wconf 91' lang='lat' dir='ltr'><strong>(cf.</strong></span> <span class='ocrx_word' id='word_1_294' title='bbox 842 3296 879 3358; x_wconf 85' lang='lat' dir='ltr'><strong>ad</strong></span> <span class='ocrx_word' id='word_1_295' title='bbox 895 3301 964 3370; x_wconf 83' lang='grc'><strong>4,6</strong></span> <span class='ocrx_word' id='word_1_296' title='bbox 987 3291 1081 3376; x_wconf 78' lang='lat' dir='ltr'><strong>not),</strong></span> <span class='ocrx_word' id='word_1_297' title='bbox 1104 3287 1194 3379; x_wconf 81' lang='lat' dir='ltr'><strong>cujus</strong></span> <span class='ocrx_word' id='word_1_298' title='bbox 1210 3277 1315 3353; x_wconf 62' lang='lat' dir='ltr'><strong>(amen</strong></span> 
     </span>
     <span class='ocr_line' id='line_1_35' title="bbox 248 3373 1314 3467; baseline 0 -29"><span class='ocrx_word' id='word_1_299' title='bbox 248 3377 428 3462; x_wconf 85' lang='lat' dir='ltr'><strong>pavimenti</strong></span> <span class='ocrx_word' id='word_1_300' title='bbox 451 3377 557 3440; x_wconf 89' lang='lat' dir='ltr'><strong>divini</strong></span> <span class='ocrx_word' id='word_1_301' title='bbox 579 3382 695 3444; x_wconf 85' lang='lat' dir='ltr'><strong>candor</strong></span> <span class='ocrx_word' id='word_1_302' title='bbox 724 3383 880 3467; x_wconf 87' lang='lat' dir='ltr'><strong>limpidus</strong></span> <span class='ocrx_word' id='word_1_303' title='bbox 912 3381 1015 3466; x_wconf 87' lang='lat' dir='ltr'><strong>qualis</strong></span> <span class='ocrx_word' id='word_1_304' title='bbox 1036 3379 1126 3462; x_wconf 87' lang='lat' dir='ltr'><strong>prius</strong></span> <span class='ocrx_word' id='word_1_305' title='bbox 1145 3385 1175 3454; x_wconf 77' lang='grc'><strong>4,</strong></span> <span class='ocrx_word' id='word_1_306' title='bbox 1199 3383 1219 3446; x_wconf 82' lang='lat'>6</span> <span class='ocrx_word' id='word_1_307' title='bbox 1240 3373 1314 3453; x_wconf 86' lang='lat' dir='ltr'><strong>erat,</strong></span> 
     </span>
     <span class='ocr_line' id='line_1_36' title="bbox 246 3461 1313 3554; baseline 0.001 -30"><span class='ocrx_word' id='word_1_308' title='bbox 246 3465 313 3538; x_wconf 76' lang='lat' dir='ltr'><strong>iam</strong></span> <span class='ocrx_word' id='word_1_309' title='bbox 337 3485 408 3525; x_wconf 90' lang='lat' dir='ltr'><strong>cum</strong></span> <span class='ocrx_word' id='word_1_310' title='bbox 428 3463 476 3524; x_wconf 89' lang='lat' dir='ltr'><strong>ira</strong></span> <span class='ocrx_word' id='word_1_311' title='bbox 497 3464 550 3526; x_wconf 88' lang='lat' dir='ltr'><strong>dei</strong></span> <span class='ocrx_word' id='word_1_312' title='bbox 571 3461 695 3530; x_wconf 82' lang='lat' dir='ltr'><strong>ferveat</strong></span> <span class='ocrx_word' id='word_1_313' title='bbox 715 3469 863 3554; x_wconf 82' lang='lat' dir='ltr'><strong>ignisque</strong></span> <span class='ocrx_word' id='word_1_314' title='bbox 884 3489 956 3530; x_wconf 90' lang='lat' dir='ltr'><strong>cum</strong></span> <span class='ocrx_word' id='word_1_315' title='bbox 977 3463 1067 3526; x_wconf 84' lang='lat' dir='ltr'><strong>fumo</strong></span> <span class='ocrx_word' id='word_1_316' title='bbox 1088 3487 1127 3524; x_wconf 88' lang='lat' dir='ltr'><strong>cx</strong></span> <span class='ocrx_word' id='word_1_317' title='bbox 1149 3464 1313 3524; x_wconf 86' lang='lat' dir='ltr'><strong>visionum</strong></span> 
     </span>
     <span class='ocr_line' id='line_1_37' title="bbox 179 3547 1313 3634; baseline 0.001 -26"><span class='ocrx_word' id='word_1_318' title='bbox 179 3559 181 3562; x_wconf 83' lang='lat'>&#39;</span> <span class='ocrx_word' id='word_1_319' title='bbox 246 3551 362 3622; x_wconf 80' lang='lat' dir='ltr'><strong>harum</strong></span> <span class='ocrx_word' id='word_1_320' title='bbox 385 3547 507 3634; x_wconf 86' lang='lat' dir='ltr'><strong>descrip</strong></span> <span class='ocrx_word' id='word_1_321' title='bbox 524 3551 654 3618; x_wconf 86' lang='lat' dir='ltr'><strong>ionibus</strong></span> <span class='ocrx_word' id='word_1_322' title='bbox 676 3556 785 3616; x_wconf 88' lang='lat' dir='ltr'><strong>omnia</strong></span> <span class='ocrx_word' id='word_1_323' title='bbox 817 3558 852 3616; x_wconf 91' lang='lat' dir='ltr'><strong>in</strong></span> <span class='ocrx_word' id='word_1_324' title='bbox 881 3553 942 3627; x_wconf 82' lang='lat' dir='ltr'><strong>dei,</strong></span> <span class='ocrx_word' id='word_1_325' title='bbox 963 3552 1084 3624; x_wconf 83' lang='lat' dir='ltr'><strong>vicinia</strong></span> <span class='ocrx_word' id='word_1_326' title='bbox 1111 3549 1246 3633; x_wconf 87' lang='lat' dir='ltr'><strong>impleat</strong></span> <span class='ocrx_word' id='word_1_327' title='bbox 1272 3556 1313 3625; x_wconf 73' lang='lat'><strong>(8,</strong></span> 
     </span>
     <span class='ocr_line' id='line_1_38' title="bbox 125 3637 1314 3724; baseline -0.01 -19"><span class='ocrx_word' id='word_1_328' title='bbox 125 3645 133 3654; x_wconf 77' lang='grc'><strong>”</strong></span> <span class='ocrx_word' id='word_1_329' title='bbox 247 3641 279 3704; x_wconf 73' lang='lat' dir='ltr'><strong>lt·</strong></span> <span class='ocrx_word' id='word_1_330' title='bbox 301 3643 332 3701; x_wconf 85' lang='lat'><strong>5·</strong></span> <span class='ocrx_word' id='word_1_331' title='bbox 350 3643 399 3708; x_wconf 79' lang='grc'><strong>11,</strong></span> <span class='ocrx_word' id='word_1_332' title='bbox 424 3643 474 3706; x_wconf 86' lang='lat'><strong>19.</strong></span> <span class='ocrx_word' id='word_1_333' title='bbox 518 3640 618 3712; x_wconf 61' lang='grc'><strong>1118.</strong></span> <span class='ocrx_word' id='word_1_334' title='bbox 639 3647 689 3715; x_wconf 88' lang='grc'><strong>15,</strong></span> <span class='ocrx_word' id='word_1_335' title='bbox 711 3649 742 3708; x_wconf 86' lang='grc'><strong>8.</strong></span> <span class='ocrx_word' id='word_1_336' title='bbox 764 3644 809 3716; x_wconf 85' lang='grc'><strong>9),</strong></span> <span class='ocrx_word' id='word_1_337' title='bbox 830 3649 903 3724; x_wconf 88' lang='lat' dir='ltr'><strong>apte</strong></span> <span class='ocrx_word' id='word_1_338' title='bbox 929 3637 1012 3722; x_wconf 78' lang='lat' dir='ltr'><strong>igne</strong></span> <span class='ocrx_word' id='word_1_339' title='bbox 1033 3637 1228 3696; x_wconf 82' lang='lat' dir='ltr'><strong>commixtus</strong></span> <span class='ocrx_word' id='word_1_340' title='bbox 1248 3649 1314 3694; x_wconf 87' lang='lat' dir='ltr'><strong>tur-</strong></span> 
     </span>
     <span class='ocr_line' id='line_1_39' title="bbox 247 3717 1313 3805; baseline -0.004 -23"><span class='ocrx_word' id='word_1_341' title='bbox 247 3721 401 3805; x_wconf 87' lang='lat' dir='ltr'><strong>batusque</strong></span> <span class='ocrx_word' id='word_1_342' title='bbox 425 3741 497 3781; x_wconf 87' lang='lat' dir='ltr'><strong>cern</strong></span> <span class='ocrx_word' id='word_1_343' title='bbox 516 3733 575 3796; x_wconf 79' lang='lat' dir='ltr'><strong>tur.</strong></span> <span class='ocrx_word' id='word_1_344' title='bbox 619 3731 650 3792; x_wconf 85' lang='grc' dir='ltr'><strong>οἱ</strong></span> <span class='ocrx_word' id='word_1_345' title='bbox 672 3722 827 3797; x_wconf 72' lang='grc' dir='ltr'><strong>νικῶντες</strong></span> <span class='ocrx_word' id='word_1_346' title='bbox 848 3730 882 3790; x_wconf 80' lang='grc' dir='ltr'><strong>εἰι</strong></span> <span class='ocrx_word' id='word_1_347' title='bbox 906 3725 966 3789; x_wconf 74' lang='grc' dir='ltr'><strong>τοῦ</strong></span> <span class='ocrx_word' id='word_1_348' title='bbox 986 3720 1112 3805; x_wconf 76' lang='grc' dir='ltr'><strong><em>θηρίου</em></strong></span> <span class='ocrx_word' id='word_1_349' title='bbox 1132 3717 1193 3804; x_wconf 80' lang='lat' dir='ltr'><strong>qui</strong></span> <span class='ocrx_word' id='word_1_350' title='bbox 1215 3740 1313 3803; x_wconf 80' lang='lat' dir='ltr'><strong>supc-</strong></span> 
     </span>
     <span class='ocr_line' id='line_1_40' title="bbox 248 3801 1313 3894; baseline 0 -29"><span class='ocrx_word' id='word_1_351' title='bbox 248 3801 357 3866; x_wconf 83' lang='lat' dir='ltr'><strong>rioree</strong></span> <span class='ocrx_word' id='word_1_352' title='bbox 380 3801 543 3868; x_wconf 81' lang='lat' dir='ltr'><strong>recedunt</strong></span> <span class='ocrx_word' id='word_1_353' title='bbox 564 3828 587 3870; x_wconf 83' lang='lat' dir='ltr'><strong>o</strong></span> <span class='ocrx_word' id='word_1_354' title='bbox 608 3804 734 3881; x_wconf 81' lang='lat' dir='ltr'><strong>bestia,</strong></span> <span class='ocrx_word' id='word_1_355' title='bbox 754 3803 899 3888; x_wconf 73' lang='lat' dir='ltr'><strong>iunctura</strong></span> <span class='ocrx_word' id='word_1_356' title='bbox 919 3807 1053 3894; x_wconf 83' lang='lat' dir='ltr'><strong>quadarn</strong></span> <span class='ocrx_word' id='word_1_357' title='bbox 1068 3803 1197 3868; x_wconf 88' lang='lat' dir='ltr'><strong>duriore</strong></span> <span class='ocrx_word' id='word_1_358' title='bbox 1216 3815 1249 3865; x_wconf 91' lang='lat' dir='ltr'><strong>et</strong></span> <span class='ocrx_word' id='word_1_359' title='bbox 1262 3808 1313 3865; x_wconf 91' lang='lat' dir='ltr'><strong>in-</strong></span> 
     </span>
     <span class='ocr_line' id='line_1_41' title="bbox 247 3881 1313 3984; baseline 0 -34"><span class='ocrx_word' id='word_1_360' title='bbox 247 3888 344 3958; x_wconf 86' lang='lat' dir='ltr'><strong>solita</strong></span> <span class='ocrx_word' id='word_1_361' title='bbox 365 3888 502 3950; x_wconf 88' lang='lat' dir='ltr'><strong>dictum:</strong></span> <span class='ocrx_word' id='word_1_362' title='bbox 524 3893 580 3975; x_wconf 89' lang='lat' dir='ltr'><strong>qui</strong></span> <span class='ocrx_word' id='word_1_363' title='bbox 602 3913 619 3955; x_wconf 88' lang='lat' dir='ltr'><strong>a</strong></span> <span class='ocrx_word' id='word_1_364' title='bbox 641 3895 741 3955; x_wconf 88' lang='lat' dir='ltr'><strong>bestia</strong></span> <span class='ocrx_word' id='word_1_365' title='bbox 762 3915 796 3956; x_wconf 90' lang='lat' dir='ltr'><strong>se</strong></span> <span class='ocrx_word' id='word_1_366' title='bbox 819 3896 907 3956; x_wconf 84' lang='lat' dir='ltr'><strong>vinci</strong></span> <span class='ocrx_word' id='word_1_367' title='bbox 926 3915 993 3958; x_wconf 91' lang='lat' dir='ltr'><strong>non</strong></span> <span class='ocrx_word' id='word_1_368' title='bbox 1012 3893 1171 3978; x_wconf 87' lang='lat' dir='ltr'><strong>patientes</strong></span> <span class='ocrx_word' id='word_1_369' title='bbox 1192 3881 1258 3984; x_wconf 87' lang='lat' dir='ltr'><strong>jam</strong></span> <span class='ocrx_word' id='word_1_370' title='bbox 1278 3892 1313 3950; x_wconf 87' lang='lat' dir='ltr'><strong>ab</strong></span> 
     </span>
     <span class='ocr_line' id='line_1_42' title="bbox 248 3967 1316 4066; baseline -0.001 -30"><span class='ocrx_word' id='word_1_371' title='bbox 248 3967 319 4066; x_wconf 85' lang='lat' dir='ltr'><strong>ejus</strong></span> <span class='ocrx_word' id='word_1_372' title='bbox 341 3979 450 4036; x_wconf 87' lang='lat' dir='ltr'><strong>lurore</strong></span> <span class='ocrx_word' id='word_1_373' title='bbox 470 3973 599 4052; x_wconf 70' lang='lat' dir='ltr'><strong>liberati</strong></span> <span class='ocrx_word' id='word_1_374' title='bbox 621 3980 767 4064; x_wconf 89' lang='lat' dir='ltr'><strong>beatique</strong></span> <span class='ocrx_word' id='word_1_375' title='bbox 797 3979 831 4042; x_wconf 92' lang='lat' dir='ltr'><strong>in</strong></span> <span class='ocrx_word' id='word_1_376' title='bbox 853 3979 943 4041; x_wconf 90' lang='lat' dir='ltr'><strong>coelo</strong></span> <span class='ocrx_word' id='word_1_377' title='bbox 968 3989 1060 4050; x_wconf 87' lang='lat' dir='ltr'><strong>sunt,</strong></span> <span class='ocrx_word' id='word_1_378' title='bbox 1090 3995 1170 4064; x_wconf 90' lang='lat' dir='ltr'><strong>quus</strong></span> <span class='ocrx_word' id='word_1_379' title='bbox 1198 3977 1253 4036; x_wconf 89' lang='lat' dir='ltr'><strong>hic</strong></span> <span class='ocrx_word' id='word_1_380' title='bbox 1281 3987 1316 4035; x_wconf 89' lang='lat' dir='ltr'><strong>ut</strong></span> 
     </span>
     <span class='ocr_line' id='line_1_43' title="bbox 249 4056 1313 4157; baseline -0.008 -29"><span class='ocrx_word' id='word_1_381' title='bbox 249 4063 300 4132; x_wconf 70' lang='grc'><strong>14,</strong></span> <span class='ocrx_word' id='word_1_382' title='bbox 326 4067 408 4128; x_wconf 87' lang='grc'><strong>1-5</strong></span> <span class='ocrx_word' id='word_1_383' title='bbox 437 4061 472 4122; x_wconf 93' lang='lat' dir='ltr'><strong>in</strong></span> <span class='ocrx_word' id='word_1_384' title='bbox 499 4063 590 4127; x_wconf 87' lang='lat' dir='ltr'><strong>coelo</strong></span> <span class='ocrx_word' id='word_1_385' title='bbox 619 4058 684 4157; x_wconf 79' lang='lat' dir='ltr'><strong>jam</strong></span> <span class='ocrx_word' id='word_1_386' title='bbox 714 4067 837 4126; x_wconf 86' lang='lat' dir='ltr'><strong>versari</strong></span> <span class='ocrx_word' id='word_1_387' title='bbox 859 4077 949 4130; x_wconf 79' lang='lat' dir='ltr'><strong>vates</strong></span> <span class='ocrx_word' id='word_1_388' title='bbox 970 4065 1083 4144; x_wconf 70' lang='lat' dir='ltr'><strong>fingit,</strong></span> <span class='ocrx_word' id='word_1_389' title='bbox 1115 4071 1255 4123; x_wconf 85' lang='lat' dir='ltr'><strong>ceterum</strong></span> <span class='ocrx_word' id='word_1_390' title='bbox 1276 4056 1313 4122; x_wconf 85' lang='lat' dir='ltr'><strong>el.</strong></span> 
     </span>
    </p>
   </div>
   <div class='ocr_carea' id='block_1_4' title="bbox 161 4141 1335 4233">
    <p class='ocr_par' dir='ltr' id='par_1_10' title="bbox 161 4141 1335 4233">
     <span class='ocr_line' id='line_1_44' title="bbox 161 4141 1335 4233; baseline -0.009 -16"><span class='ocrx_word' id='word_1_391' title='bbox 161 4141 163 4147; x_wconf 51' lang='grc'><em>’</em></span> <span class='ocrx_word' id='word_1_392' title='bbox 248 4151 299 4220; x_wconf 80' lang='lat'><strong>13,</strong></span> <span class='ocrx_word' id='word_1_393' title='bbox 322 4149 459 4215; x_wconf 75' lang='lat' dir='ltr'><strong>&#39;tt-17·</strong></span> <span class='ocrx_word' id='word_1_394' title='bbox 483 4150 533 4223; x_wconf 74' lang='grc'><strong>14,</strong></span> <span class='ocrx_word' id='word_1_395' title='bbox 554 4159 670 4222; x_wconf 85' lang='lat'><strong>9-11·</strong></span> <span class='ocrx_word' id='word_1_396' title='bbox 698 4185 741 4196; x_wconf 91' lang='lat'><strong>-</strong></span> <span class='ocrx_word' id='word_1_397' title='bbox 778 4150 823 4216; x_wconf 87' lang='lat' dir='ltr'><strong>V.</strong></span> <span class='ocrx_word' id='word_1_398' title='bbox 845 4161 876 4222; x_wconf 88' lang='grc'><strong>3.</strong></span> <span class='ocrx_word' id='word_1_399' title='bbox 910 4148 979 4214; x_wconf 82' lang='lat' dir='ltr'><strong>ota</strong></span> <span class='ocrx_word' id='word_1_400' title='bbox 998 4151 1076 4212; x_wconf 88' lang='lat' dir='ltr'><strong>haec</strong></span> <span class='ocrx_word' id='word_1_401' title='bbox 1106 4167 1186 4233; x_wconf 88' lang='lat' dir='ltr'><strong>quae</strong></span> <span class='ocrx_word' id='word_1_402' title='bbox 1209 4143 1335 4210; x_wconf 58' lang='lat' dir='ltr'><strong>Moris*</strong></span> 
     </span>
    </p>
   </div>
   <div class='ocr_carea' id='block_1_5' title="bbox 0 0 1408 4684">
    <p class='ocr_par' dir='ltr' id='par_1_11' title="bbox 0 0 1408 4684">
     <span class='ocr_line' id='line_1_45' title="bbox 0 0 1408 4684; baseline 0 0"><span class='ocrx_word' id='word_1_403' title='bbox 0 0 1408 4684; x_wconf 95' lang='lat' dir='ltr'><strong> </strong></span> 
     </span>
    </p>
   </div>
  </div>
 </body>
</html>
