2850 4680
335 283 389 367 ‘r'
410 253 653 367 Prooemium.
707 292 841 388 napo,
862 308 894 375 1.
987 369 988 376 t
1082 305 1166 380 ,107
1259 283 1262 294 '

93 473 195 540 totius
223 474 301 540 libri
325 476 471 543 indolem
492 476 564 564 ipsa
592 498 671 564 quae
692 477 729 542 in
749 471 901 576 cujusque
924 473 1081 564 epistolae
1100 481 1167 544 fine

92 564 245 642 leguntur
266 565 362 626 verba
383 574 565 626 monstrant
585 573 616 639 2,
638 573 677 640 73
708 575 765 640 113
789 575 847 638 173
869 574 921 634 28·
942 573 1004 639 293
1021 576 1053 642 3,
1069 563 1105 635 '5·
1127 574 1166 641 63

93 655 234 726 12.13;
269 659 321 719 21.
344 659 406 726 223
440 637 480 708 cs.
501 659 533 722 et
555 647 660 712 media
680 650 716 728 in
737 647 875 734 epistola
894 660 925 723 2,
949 658 1003 720 23.
1068 647 1169 734 Quod

94 745 202 796 autem
235 755 270 796 se
296 736 364 794 lem
398 733 566 795 ecclesias
584 735 729 796 omnium
759 736 934 817 imaginem
962 755 1032 796 esse
1060 737 1168 800 voluit

93 831 221 893 auctor,
243 819 256 880 i
298 817 416 902 partim
432 812 551 906 'poetae
569 819 773 882 tribuendum
793 831 859 895 est,
882 821 966 880 sicut
984 815 1089 884 Amos
1109 821 1169 886 Je-

92 905 219 967 hovam
239 917 354 966 onzues
372 905 514 988 populus
536 906 657 990 impios
679 905 868 990 puniturum
883 915 1068 968 ostensurus
1084 931 1168 994 quo-=

93 989 242 1052 rumdam
265 985 432 1051 malefacta
452 991 596 1076 exempli
617 1012 710 1052 causa
731 976 859 1052 uberius
880 989 1032 1052 describit
1054 1004 1168 1069 1,3-

12 1079 13 1090 ²
94 1085 126 1150 2,
141 1083 180 1150 6,
201 1077 321 1160 partim
335 1077 475 1140 ‘numero
498 1073 695 1162 septenario
714 1096 801 1136 sacro
825 1087 860 1137 ut
881 1078 994 1138 ceteris
1014 1075 1168 1146 Hebraeis

95 1158 223 1248 (notatu
248 1159 397 1240 dignum,
424 1155 708 1238 Amosumetiam
728 1172 853 1246 septem
873 1162 1014 1248 populos
1036 1159 1170 1229 enume-

12 1321 13 1324 ,
95 1241 190 1332 rare)
203 1247 252 1308 ita
274 1246 437 1335 imprimis
461 1245 604 1334 iohanni
626 1247 662 1310 in
682 1247 746 1308 hoc
766 1247 849 1308 libro
871 1245 1028 1334 adamato.

91 1403 94 1406 '
158 1401 162 1413 “
182 1395 215 1462 4.
236 1388 340 1473 Igitur
360 1403 431 1456 cum
453 1403 577 1480 septem
598 1415 674 1480 quas
699 1393 889 1476 diligentius
906 1406 1044 1482 taxaret,
1066 1397 1170 1458 eccle-

95 1475 161 1538 sias
192 1477 256 1539 sibi
286 1479 451 1558 eligendas
477 1483 639 1542 statuisset
659 1491 786 1555 auctor,
823 1501 875 1543 ens
897 1481 1016 1564 eligere
1038 1481 1171 1558 debebat

97 1563 138 1624 de
168 1585 302 1648 quarum
327 1576 361 1626 et
387 1565 561 1628 virtutibus
583 1577 615 1626 et
637 1567 727 1626 vitiis
748 1567 949 1652 experientia
971 1567 1023 1629 vel
1044 1569 1170 1629 nuntiis
1248 1561 1253 1574 '

97 1647 174 1710 fidis
197 1651 277 1712 bene
298 1650 429 1711 edoctus
451 1662 537 1728 erat,
560 1663 684 1736 septem
704 1651 803 1732 igitur
817 1647 917 1714 Asiae
932 1653 1170 1738 proconsularis

96 1735 213 1811 urbes,
243 1736 464 1820 ipsi'vicinas
493 1747 526 1798 et
555 1737 709 1816 cognitas.
766 1733 813 1798 (lb
834 1759 1001 1801 numerum
1021 1739 1172 1824 septena'-
1238 1738 1241 1746 '

97 1820 188 1882 rium
207 1841 275 1882 non
297 1839 409 1884 omnes
431 1822 618 1908 provinciae
641 1824 733 1884 urbes
758 1822 871 1885 afferre
917 1834 1032 1900 oterat,
1055 1846 1096 1886 ne
1118 1841 1171 1886 eas

101 1905 234 1967 (uidem
265 1906 301 1968 in
331 1907 445 1994 quibus
476 1901 542 2003 jam
573 1908 633 1968 illo
665 1919 810 1992 tempore
841 1845 989 1970 curiosius
1020 1909 1170 1975 collectas

99 1927 206 2054 duisse
230 1989 425 2068 scimus,'·ut‘
446 1988 596 2054 Colossae
619 2001 652 2054 et
672 1991 864 2078 Hierapolin
883 1991 953 2054 Col.
968 1999 998 2069 4,
1015 2005 1064 2063 13.
1108 1993 1172 2057 Cur

32 2145 41 2156 ⁸
102 2079 162 2140 has
190 2077 280 2164 ipsas
308 2099 366 2140 nec
391 2077 470 2139 alias
491 2079 642 2160 elegerit,
665 2080 739 2140 suis
764 2077 849 2138 haud
873 2078 966 2140 dubie
988 2077 1098 2140 ductus
1122 2089 1175 2158 est

12 2197 18 2202 ·
100 2164 281 2226 rationibus
303 2165 430 2248 probis,
459 2165 641 2252 intorques
663 2164 835 2248 potissima
856 2163 934 2226 haec
958 2160 1057 2227 fuisse
1074 2163 1175 2227 'vide-

86 2261 162 2310 tur.
180 2305 185 2310 .
207 2247 288 2322 Cum
308 2253 431 2336 septem
452 2249 513 2311 hae
533 2250 677 2314 omnium
700 2250 805 2328 imago
829 2249 912 2326 sint,
927 2295 929 2306 .
944 2249 1056 2312 sedulo
1078 2263 1175 2336 poeta

102 2335 342 2398 diversissimas
364 2348 396 2397 et
416 2337 553 2420 Virtutes
575 2345 607 2398 et
630 2335 710 2395 vitia
736 2335 906 2422 variosque
927 2331 1038 2397 eorum
1057 2337 1173 2416 gradus

103 2421 280 2507 depingere
302 2419 441 2497 studuit,
466 2423 511 2482 ita
532 2421 566 2481 irt
587 2417 709 2484 nullius
730 2421 881 2482 ecclesiae
903 2443 1009 2484 mores
1032 2433 1064 2484 et
1084 2423 1175 2508 peri-

13 2571 14 2574 ,
104 2507 177 2569 cula
199 2505 309 2568 eadem
331 2527 465 2592 prorsus
488 2507 699 2582 describerem
732 2509 771 2568 ob
794 2527 888 2593 (poam
909 2509 1012 2592 ipsam
1032 2505 1176 2571 'varieta-

14 2641 34 2666 .,
104 2603 173 2660 tem
202 2604 326 2678 septem
353 2591 452 2674 elegit
474 2591 721 2662 ,diversissimae
751 2593 875 2654 indolis
907 2593 1065 2655 ecclesias.
1118 2593 1175 2660 'De

106 2697 241 2766 quarum
274 2679 406 2740 interno
439 2683 522 2756 statu
553 2691 631 2764 qu'ae
659 2675 777 2757 tangit,
809 2679 887 2739 satis
915 2679 1026 2740 brevia
1046 2691 1120 2741 sunt
1144 2693 1177 2742 et

105 2764 202 2827 nobis
221 2777 451 2852 nonnunquam
474 2765 623 2840 obscura,
653 2775 765 2848 utpote
787 2785 866 2848 quae
885 2763 955 2824 illis
976 2769 1178 2850 temporibus

107 2861 186 2912 nota
207 2849 311 2930 digito
334 2845 511 2912 monstrare
536 2847 729 2922 sufficiebant
751 2867 809 2918 nec
831 2847 1096 2926 obliviscendum,
1118 2849 1179 2914 Jo-

107 2937 252 2998 hannem
283 2957 351 2997 non
378 2933 536 3010 doctoris,
570 2946 609 2995 ut
638 2933 786 3018 singulis
806 2931 961 2995 doctrinis
981 2947 1013 2997 et
1033 2933 1177 3000 moribus
1255 2981 1258 2988 f
1305 2983 1310 2996 ,

107 3011 300 3094 refellendis
325 3019 491 3082 immorari
521 3015 602 3108 tipus
632 3031 736 3096 esset,
772 3017 828 3080 sed
849 3019 1025 3083 hortatoris
1046 3034 1078 3082 et
1097 3017 1179 3108 pro'-
1245 3087 1251 3097 ‚

108 3108 229 3193 phetae
257 3105 364 3192 partes
392 3101 510 3186 ageress⁴
562 3101 731 3169 Ordinem
752 3117 858 3166 autem
878 3107 1078 3186 singularum
1100 3124 1177 3193 quas

108 3188 409 3268 recenset'urbib'm
442 3193 527 3252 hunc
554 3191 676 3271 tenuit,
709 3203 745 3254 ut
772 3193 810 3252 ab
831 3189 980 3276 Epheso,
1024 3193 1178 3277 primaria
1270 3181 1296 3200 ⁵⁸

109 3279 237 3340 scilicet
257 3275 444 3362 provinciae
465 3278 542 3342 urbe
562 3275 596 3338 'et
616 3275 727 3341 Patmo
750 3277 903 3364 propiore
923 3276 962 3354 ad
983 3291 1101 3341 ceteras
1117 3301 1177 3367 pro

111 3366 177 3426 situ
199 3365 345 3443 regionis
367 3365 441 3448 ipso
465 3383 578 3425 versus
600 3361 797 3424 occidentem
819 3361 897 3424 sitas
918 3363 1079 3452 procedat.

198 3507 230 3570 5.
251 3497 399 3585 Denique
414 3497 598 3560 ,dubitatum
618 3510 684 3574 est,
717 3519 757 3560 an
778 3507 861 3583 apto
881 3497 941 3563 boc
962 3499 1033 3564 loco
1054 3502 1181 3587 positae

113 3571 181 3648 sint
202 3587 378 3670 epistolae,
412 3583 515 3656 Fuere
537 3587 591 3670 qui
613 3586 809 3666 cogitarent,
828 3587 914 3670 ipsas
932 3607 1038 3651 rerum
1057 3586 1181 3651 sutura-

113 3693 187 3742 rum
216 3672 363 3734 visiones
390 3671 490 3736 nimis
520 3669 638 3732 tardari
658 3682 692 3731 et
712 3670 860 3732 ordinem
881 3673 1184 3760 quasiiuterrurupi

115 3759 163 3832 (v.
186 3753 440 3822 Hurunrcusffi
455 3754 501 3818 Π.
521 3777 554 3840 p·
572 3764 645 3824 207·
662 3751 752 3838 208)·
808 3753 877 3832 Qui
897 3757 1026 3842 quidem
1048 3761 1114 3821 viur-
1128 3783 1183 3823 rc-

114 3854 247 3926 putasse
267 3841 419 3907 videntur
439 3840 517 3926 quid
538 3851 634 3924 poeta
653 3839 806 3904 voluerit.
848 3840 928 3905 Nam
949 3855 1025 3908 tuto
1037 3847 1142 3930 capite
1153 3845 1181 3908 Ι.

114 3927 181 4029 jam
203 3929 244 3991 ad
265 3929 421 4011 epistolas
442 3930 500 3988 has
521 3927 656 3988 lectores
677 3929 881 4009 praeparavit
901 3941 1013 4012 poeta,
1034 3931 1102 3991 imo
1116 3941 1182 4018 p‘er

116 4027 227 4078 totum
253 4016 373 4076 librum
394 4009 590 4098 paullatim
613 4010 740 4074 demum
761 4011 800 4072 ad
821 4013 960 4076 reditum
980 4011 1103 4078 Christi
1125 4018 1185 4080 de-

119 4097 321 4167 scribendum
341 4095 562 4188 progreditur,
584 4097 729 4162 consulto
742 4097 870 4184 saepius
881 4119 1010 4176 morans
1031 4095 1087 4180 ut,
1099 4103 1185 4188 quod
