2848 4682
105 301 259 397 Expand.
276 325 350 376 var.
370 305 566 401 de'urgum.
584 315 620 372 et
636 305 793 398 integrit.
810 302 894 374 libri
910 305 1068 397 opinion.
1108 301 1178 392 '27¹

106 508 212 552 omnes
231 470 375 576 ilipulae
395 487 561 568 notiones,
591 507 669 572 quas
689 487 852 552 immiscet
872 498 1002 567 auctor,
1036 485 1174 554 hittoni·
1217 560 1221 574 .

106 613 156 656 cae
186 614 262 656 eum
295 574 624 684 consummatissimae
659 591 837 678 impiorum
865 613 986 678 poenas
1021 591 1176 678 proxime
1217 587 1220 671 s

103 693 252 762 instantes
273 708 304 762 et
331 697 438 764 hostes
464 719 532 762 non
563 698 640 762 alios
660 718 759 780 quam
781 698 922 764 Romam
944 706 977 759 et
1005 697 1176 761 Neronem
1238 717 1240 721 ·

103 814 227 889 putasse
254 787 449 868 ruonatraut.
501 805 551 870 Ita
583 801 774 868 calamitates
802 801 865 888 piis
893 800 1074 866 tolerandas
1107 823 1177 868 non
1214 817 1218 828 ‘

103 907 162 972 nisi
190 897 347 974 tres'et
374 905 595 990 dimidium
624 927 775 970 annum
806 904 973 970 duraturas
1000 903 1126 989 saepius
1144 905 1175 984 1)

99 1011 221 1094 innuitt
256 1012 447 1078 christianos
476 1011 515 1078 ad
538 1009 701 1078 vindictae
721 1032 824 1096 usque
845 1021 974 1096 tempus
997 1009 1174 1093 paullis-
1213 1048 1217 1058 »

103 1137 173 1202 per
199 1127 330 1181 tantum
358 1116 516 1204 patienter
545 1125 718 1180 morentur
740 1113 930 1180 adhortatur
951 1123 982 1192 6,
1003 1125 1054 1185 11.
1076 1135 1176 1178 mox·-

91 1211 163 1305 ‘que
187 1236 337 1308 tempore
364 1231 478 1286 morae
507 1221 621 1304 hujus,
655 1219 692 1286 in
723 1240 786 1305 qua
819 1216 983 1284 christiani
1014 1221 1196 1285 maximas
1275 1217 1285 1234 “

105 1326 290 1409 calamitates
316 1326 463 1415 perpessi
494 1327 692 1414 cogitantur,
734 1323 828 1388 brevi
854 1323 962 1410 elapso
995 1322 1174 1424 vindictam

104 1427 141 1494 de
167 1427 569 1522 injustasshr'istianorum
605 1428 781 1504 uexatione
806 1428 874 1510 jam
906 1427 1056 1514 incipere¹
1080 1427 1176 1516 fingit

104 1541 131 1613 7,
151 1543 258 1608 9-17.
281 1546 330 1615 12,
350 1532 401 1618 11.
433 1532 550 1619 'Quae
580 1531 656 1620 qnid
687 1529 820 1595 tandem
851 1530 935 1596 aliud
970 1531 1030 1598 sibi
1061 1535 1176 1600 volunt
1245 1563 1250 1622 '.
1311 1584 1315 1592 ,
1346 1497 1353 1508 ¹

104 1645 195 1722 quam
225 1659 320 1725 spem
350 1636 492 1702 excitare
521 1635 558 1700 iu
576 1631 784 1710 'coaevorum
814 1635 930 1702 animis
954 1636 1175 1721 certissimam,
1250 1666 1269 1698 κ

103 1739 231 1806 forent
256 1752 333 1828 post
346 1741 539 1830 'paucorum
565 1763 726 1806 annorum
749 1763 839 1804 nunc
863 1734 1088 1837 perpetiendae
1118 1767 1175 1808 oa·

102 1843 254 1908 lamitates
268 1845 418 1927 'vindicta
437 1850 471 1912 in
495 1847 612 1934 impios
635 1846 765 1930 ingruat
784 1842 889 1908 subita
910 1865 1044 1931 eamque
1065 1851 1176 1928 statim

103 1962 251 2034 sequatur
278 1955 371 2043 regni
400 1951 544 2016 coelestis
573 1948 728 2016 felicitas?
771 1947 884 2034 Capite
897 1957 947 2020 17.
976 1963 1084 2016 autem
1106 1963 1175 2024 tam
1242 1971 1247 2000 ⁶

103 2071 205 2140 aperta
225 2057 410 2122 continetur
432 2055 647 2140 calamitatum
668 2053 708 2118 ab
736 2051 985 2140 imperatoribus
1005 2057 1174 2148 Romanis,
1262 2109 1263 2114 η

103 2153 240 2225 Nerone
263 2164 488 2250 potissimum,
519 2184 581 2250 per
610 2160 713 2224 breve
735 2170 862 2223 tantum
882 2173 1009 2247 tempus
1030 2155 1175 2230 toleran-l

104 2261 212 2328 darum
234 2287 351 2350 easque
374 2262 576 2332 insecuturae
591 2249 852 2330 Christianorum
866 2265 974 2331 salutis
992 2267 1185 2358 descriptio,

103 2377 137 2428 ut
157 2367 253 2432 lacile
272 2369 448 2457 intelligas,
478 2377 677 2455 quantum'a
697 2379 808 2432 mente
829 2371 912 2434 vatis
937 2371 1097 2440 aberrent
1109 2377 1174 2462 qui,

104 2491 180 2556 quae
198 2473 254 2538 hic
280 2477 435 2564 proxime
455 2476 564 2542 futura
587 2475 768 2552 ominatur,
803 2475 1018 2562 perlongum
1041 2479 1175 2547 demum

65 2590 69 2596 ·
104 2576 283 2644 seculorum
315 2581 504 2646 futurorum
534 2576 706 2653 decursum
728 2579 856 2646 factum
885 2580 925 2645 iri
947 2593 980 2647 et
995 2581 1065 2668 'vel'
1079 2587 1174 2652 nobis
1267 2625 1274 2632 -

105 2677 207 2750 futura
230 2685 389 2772 speranda
411 2707 480 2748 esse
501 2696 680 2750 autumant.
854 2691 856 2698 ’

140 2821 162 2916 ¹.
182 2821 230 2886 II.
260 2821 374 2908 ltaque
395 2821 633 2909 proculdubio
654 2843 727 2886 uon·
744 2822 896 2888 falluntur
926 2824 981 2908 qui
1008 2832 1175 2894 auctorem

104 2922 150 2987 sui
172 2926 331 3011 temporis
354 2926 462 2990 hostes
484 2927 601 3012 impios
623 2927 819 2992 intellexisse
840 2939 993 2994 statuunt.
1044 2930 1176 2998 Viden·
1244 2957 1269 3016 f

104 3027 180 3092 dum
202 3041 313 3094 tamen
337 3044 402 3112 est,
418 3034 537 3118 quales
550 3021 762 3120 [intelligendi
777 3032 851 3097 sint.

1172 3107 1177 3128 .

137 3165 168 3234 1)
185 3161 223 3222 ol.
241 3177 285 3235 11,
302 3176 328 3229 2·
346 3177 373 3231 3.
390 3179 435 3237 12,
452 3173 471 3232 6
489 3175 526 3238 (v.
543 3171 629 3244 infra)
648 3178 692 3234 111.
715 3180 758 3238 13,
775 3177 802 3232 5.
838 3173 925 3225 Tres
943 3184 979 3226 et
996 3173 1173 3230 dimidius

172 3265 257 3327 anni
275 3265 304 3312 in
323 3259 477 3328 symbolica
494 3265 632 3314 aeriorum
650 3276 745 3316 vatum
763 3281 891 3317 sermone
911 3261 1018 3318 breve
1036 3275 1179 3333 tempo.

94 3378 99 3382 ·
171 3353 227 3400 ris
243 3355 403 3417 spatium
421 3356 558 3418 innuunt,
575 3369 680 3421 paucos
698 3371 800 3419 armos,
818 3357 855 3405 ita
874 3363 906 3405 ut
923 3370 983 3408 reru
1000 3351 1124 3418 suturam
1142 3361 1190 3409 iu'

172 3439 271 3492 eodem
290 3441 385 3495 samito
404 3455 454 3496 seu
472 3439 608 3507 decennio
624 3441 687 3495 fieri
704 3460 788 3511 posse
809 3443 985 3512 significetur
1003 3441 1128 3500 cf·'Dan.
1146 3457 1173 3507 7.
1274 3473 1277 3480 .

172 3537 218 3590 25·
233 3539 276 3598 11,
285 3537 312 3591 7.
343 3531 445 3585 Contra
463 3533 501 3585 11.
519 3532 673 3616 816111ρὶ
690 3540 783 3603 11306
797 3551 857 3604 sqq.
872 3519 953 3605 putat
971 3547 1028 3588 tres
1045 3547 1073 3588 et
1091 3538 1173 3590 dimi-

109 3657 114 3666 .
172 3618 251 3672 dium
276 3637 364 3673 annos
390 3639 406 3674 e
430 3626 574 3690 scriptoris
598 3637 691 3680 mente
715 3627 875 3693 plurima
894 3624 997 3679 vforsan
1025 3629 1173 3682 saecula
1212 3665 1214 3673 .

172 3707 303 3762 denotare
321 3722 407 3778 putat.
450 3713 505 3768 Sed
523 3715 579 3771 hoc
596 3733 693 3784 perse
716 3719 770 3785 jam
795 3728 873 3770 extra
894 3733 1005 3773 omnem
1029 3731 1071 3770 est
1082 3718 1173 3773 ridant
1193 3765 1196 3774 ,
1226 3719 1230 3729 '

134 3871 135 3876 Ἰ
172 3807 201 3850 et
224 3814 404 3872 argumento,
431 3824 489 3875 quo
512 3809 550 3862 V.
569 3805 598 3860 S·
615 3809 652 3860 V.
670 3813 784 3873 nititur,
811 3807 1048 3860 haud-‘firmatum
1084 3809 1175 3878 Putat,

171 3901 248 3946 tres
273 3903 307 3946 et
331 3894 617 3957 dimidinnt‘dies
635 3907 679 3959 11,
697 3905 722 3959 9.
740 3907 784 3958 11.
802 3900 930 3968 sitniliter
947 3903 1042 3966 potius
1059 3919 1174 3966 annos

174 3983 291 4038 totidem
327 3985 453 4055 signare,
496 3993 562 4065 quia
597 3987 705 4042 iircolae
739 3995 858 4058 tonius
889 4001 980 4044 terrae
1012 3994 1084 4044 intra
1113 3993 1174 4046 lroc

173 4077 284 4139 tempus
308 4080 398 4142 gavisi
428 4095 488 4164 asse
514 4079 652 4134 dicuntur.
698 4077 782 4150 Quod
806 4081 886 4134 aliter
913 4080 1175 4152 cogitandum'essa

174 4161 247 4218 infra
273 4167 480 4248 monstrabitur.
