2774 4688
184 762 193 784 =·
250 741 401 802 cessarias
426 751 480 802 aut
499 761 559 802 con

59 275 64 311 “·
149 333 152 340 .
253 307 329 387 298
406 288 449 366 il
470 291 647 368 Visiones.
672 297 734 370 Ill.
763 310 797 379 2.
822 298 862 368 C·
884 235 1109 396 3.icop·20‚
1136 315 1170 384 4·
1239 359 1244 377 ¹

618 427 625 452 ,
978 439 980 447 .

250 481 344 546 Ftrbr.
363 478 434 544 e‘od.
456 497 513 568 ps.'
528 479 573 544 V.
582 479 623 544 Τ.
643 501 677 568 p.
691 491 747 553 33:
756 489 849 556 1079.
891 482 1027 550 Gerrodi
1047 483 1252 552 Gesclrichte
1275 485 1338 552 des

251 567 447 631 Chiliesmus
465 567 506 630 T.
522 585 553 639 1.
565 577 597 640 2.
620 576 714 638 1781.
736 569 806 655 (qui
825 580 932 634 tannen
953 572 1035 634 liber
1054 570 1155 656 enimi
1174 576 1338 650 ecel-bio-

175 697 182 710 .
249 656 295 716 ris
318 668 352 720 et
371 661 551 718 commenta·
561 655 696 799 poetica
718 673 853 800 spestpue
874 658 985 736 generi
1013 656 1154 722 humone
1185 672 1243 722 eut
1269 682 1339 722 ne-

583 739 723 802 onentles
744 759 829 802 mee
851 752 883 802 et
900 743 1012 828 inique
1025 747 1251 822 [testamentis
1277 747 1338 808 in-

250 825 333 888 dicio
362 823 426 888 fert
456 819 580 908 gravio)
606 821 655 908 ι).
715 822 823 907 Quum
853 826 983 914 quidem
1011 827 1050 889 de
1072 827 1244 904 milliario
1257 831 1333 893 dioc

249 913 440 1000 opinionem
461 931 518 998 spe
534 922 571 973 ‘et
589 909 683 973 ’rotis
702 922 887 996 conceptam
908 925 998 976 vetes
1019 913 1067 975 sic
1088 915 1214 978 adrem
1232 917 1337 978 chri-

248 994 386 1060 stianum
412 991 574 1060 trerrsfert.
626 995 678 1058 Pii
694 1011 817 1060 'omnes
846 1001 937 1073 (nem
957 1019 991 1060 v.
1010 1003 1043 1068 4.
1074 999 1171 1086 impii
1193 1013 1336 1064 tantum

247 1075 475 1172 discinduntur)
497 1081 636 1170 imperio
648 1084 823 1162 *gentilium
835 1079 982 1146 Romeno
1004 1082 1109 1147 deleto
1126 1107 1196 1149 non
1210 1089 1337 1173 quiete

246 1163 372 1232 tdut‘t'rm
403 1167 518 1230 vivent
550 1187 715 1253 regnoque
747 1179 919 1246 terrerum,
957 1191 1020 1258 quo
1056 1171 1196 1250 gentiles
1230 1174 1334 1234 ebusi

248 1265 339 1328 sunt,
374 1253 573 1334 gaudebunt,
608 1253 663 1314 sed
692 1253 848 1333 singulari
876 1256 974 1316 etiem
994 1253 1131 1321 Messias
1151 1257 1334 1341 praesenti

246 1343 380 1406 numine
399 1347 442 1402 'et
461 1339 562 1400 tutele
583 1340 769 1424 superbient
790 1331 898 1424 (pared
919 1339 981 1413 τοῦ
1002 1342 1135 1428 χριστοῦ
1156 1363 1191 1404 v.
1205 1348 1244 1413 4.
1267 1341 1332 1426 6.).

247 1423 441 1514 Onmeeqde
468 1426 601 1490 omnino
628 1425 677 1509 pii
704 1425 857 1486 societate
884 1425 945 1486 hec
976 1413 1066 1487 be'ute
1088 1419 1331 1522 punierunt,

245 1511 293 1573 ita
320 1521 357 1573 ut
382 1519 555 1590 meumes,
587 1529 723 1595 quorum
750 1509 925 1574 maximum
945 1511 1072 1595 cupiam
1091 1533 1111 1574 e
1130 1523 1330 1600 temporum

109 1626 136 1680 *-
243 1597 378 1660 illorum
406 1596 539 1676 ingenio
571 1614 629 1656 exs
653 1599 756 1658 eclere
785 1595 878 1672 licet,
921 1597 1102 1683 mortuique
1133 1601 1328 1662 resusoiteti

243 1681 506 1767 immortalesque
527 1675 603 1744 secti
646 1687 658 1755 l
679 1701 737 1743 nec
758 1681 899 1766 emplius
916 1683 1060 1766 proemio
1079 1683 1142 1744 hoc
1160 1685 1326 1768 privandi

243 1763 404 1852 cogitiu'rdi
432 1771 508 1830 siut.
560 1762 660 1852 quue
682 1785 700 1828 e
722 1767 909 1851 potissimis
927 1767 1056 1851 piorum
1076 1771 1237 1852 praemiis
1260 1783 1323 1848 est,

244 1849 330 1954 ‹puod
351 1853 428 1914 duln
448 1849 546 1938 impii
566 1865 669 1914 morte
685 1852 805 1940 sepulti
824 1845 946 1948 jacent,
966 1853 1031 1936 ipsi
1051 1845 1214 1948 jum-ente
1229 1849 1323 1952 judi-

241 1941 328 2004 eruin
344 1937 506 2000 'ultimum
532 1935 707 2023 mundique
733 1937 832 2000 finem
862 1948 895 1999 et
914 1937 1001 2018 vitoe
1022 1935 1137 2018 gaudio
1166 1935 1320 2004 fruentur

241 2038 275 2090 et
290 2026 511 2112 'proemiorum
532 2023 617 2084 vitoe
637 2021 757 2084 mundo
780 2032 939 2091 renovato
957 2025 1160 2086 beatissimae
1182 2046 1319 2089 sensum

139 2165 148 2174 .
241 2120 456 2198 praegustent.
517 2106 619 2170 Sedes
643 2107 775 2194 imperii
801 2107 1030 2188 Hierosolyma
1060 2111 1123 2171 erit
1149 2129 1184 2172 v.
1208 2121 1250 2186 9,·
1283 2124 1319 2174 ut

266 2199 418 2282 rophetne
443 2204 569 2257 veteres
599 2191 701 2256 Sione
730 2193 810 2256 olim
837 2193 952 2274 legum*
974 2193 1158 2256 divinarum
1187 2197 1315 2260 cultum

238 2219 358 2344 {dietum
388 2282 634 2366 beatiteternque
660 2279 822 2342 infinitam
848 2274 921 2342 fore
942 2281 1076 2341 ominati
1096 2291 1208 2357 erant3
1246 2303 1318 2344 cer-

157 2401 160 2406 ·
239 2380 370 2454 tumque
392 2369 488 2429 etiem
504 2375 562 2441 est,
584 2364 668 2426 vetis
678 2365 779 2426 menti
799 2365 952 2428 ecelesiae
967 2364 1018 2426 del
1033 2366 1099 2450 piis
1110 2367 1314 2431 resuscitetis

239 2455 275 2516 in
299 2467 382 2518 terra
408 2463 514 2514 sancta
536 2451 700 2531 regnantis
721 2451 897 2531 imaginem
918 2451 956 2511 eb
982 2448 1039 2512 ΕΖ.
1057 2459 1172 2523 37—39.
1196 2451 1313 2516 adum-

193 2561 206 2585 *
237 2541 358 2603 brutum
390 2536 565 2602 obversari.
628 2533 737 2622 Neque
773 2539 903 2620 piorum
936 2555 1068 2616 regnum
1101 2537 1165 2598 hoe
1194 2557 1314 2600 omnes

239 2627 371 2688 omnino
401 2635 503 2686 terrae
537 2619 685 2700 regiones
713 2621 955 2707 complectitur,
987 2621 1043 2682 sed
1066 2613 1133 2682 sere
1157 2641 1215 2684 ees
1240 2635 1312 2686 ten·

236 2722 322 2787 tum,
358 2709 398 2772 ed
417 2729 494 2796 quus
516 2707 593 2768 libri
612 2704 709 2802 hujus
731 2705 844 2791 scrip‘ti
866 2718 1013 2792 tempore
1035 2707 1151 2786 religio
1173 2709 1311 2770 christi-

192 2793 194 2798 ’
236 2817 296 2859 ene
315 2804 595 2884 propagantem,
624 2790 764 2854 Romani
785 2793 885 2872 igitur
905 2787 1174 2878 imperii·(orbie·
1191 2801 1311 2856 terra-

272 2957 303 3028 1)
321 2959 456 3012 mundum
471 2961 554 3010 certis
568 2955 691 3022 periodis
705 2973 756 3010 seu
765 2953 856 3026 Kalpe
869 2955 995 3022 judicari,
1007 2956 1112 3017 destrui
1129 2967 1159 3008 et
1176 2960 1309 3008 renoveri

308 3040 431 3087 statuunt
446 3027 517 3081 Indi.
558 3028 624 3080 Pius
644 3032 723 3094 prius
739 3045 822 3096 quum
838 3031 946 3093 impius
966 3027 1170 3079 resuscitandos
1187 3027 1310 3080 infinitis
1349 3089 1350 3093 Ἰ

306 3107 400 3154 ornari
417 3103 547 3167 preeuntis
564 3095 630 3149 duur
649 3103 729 3166 impii
747 3111 836 3156 morte
853 3097 970 3166 ignobili
990 3099 1090 3164 sepulti
1109 3102 1178 3164 siut,
1198 3104 1308 3166 primus
1348 3137 1349 3151 .

245 3217 248 3224 .
306 3171 422 3226 finxisse
441 3169 549 3222 videtur
567 3187 602 3222 ex
620 3168 779 3222 notionibus
797 3175 913 3242 persicis
931 3168 987 3238 (ef.
1005 3168 1215 3222 Zeud-Avcsta
1239 3170 1272 3221 P.
1283 3175 1309 3228 3.
1347 3187 1348 3209 t

234 3293 240 3319 Ι
307 3259 336 3311 p.
350 3252 411 3306 111.
429 3251 492 3301 112.
511 3240 554 3292 cd.
574 3244 675 3309 germ.)
699 3242 770 3299 Duo.
788 3249 832 3304 12,
848 3247 874 3299 2.
893 3247 919 3302 3.
942 3245 991 3308 qui
1009 3249 1100 3292 tetuen
1120 3242 1198 3293 mille
1217 3258 1307 3293 anuos
1345 3235 1347 3325 p*

307 3331 365 3366 nou
388 3311 487 3374 haben
514 3329 578 3363 uem
603 3313 830 3374 Ez.37,1-28·
854 3312 970 3375 Jews,
989 3315 1093 3372 1819.
1117 3310 1194 3364 heud
1221 3311 1307 3364 dubie
1344 3331 1345 3383 t

306 3384 436 3453 imagines
453 3394 560 3434 tuntum
578 3381 612 3436 de
630 3385 736 3450 populo
754 3387 900 3446 universo,
923 3383 1011 3449 qualis
1029 3386 1107 3450 prius
1126 3393 1197 3446 erut,
1226 3385 1307 3450 quusi
1342 3389 1344 3441 l

308 3474 345 3507 ex
363 3455 462 3507 inseris
479 3453 635 3506 reducendo
655 3465 683 3506 et
699 3453 871 3506 restituendo
889 3451 1049 3521 finguntur,
1073 3469 1231 3521 quenquam
1250 3455 1307 3506 loci
1338 3447 1343 3504 l

281 3571 285 3579 ,
303 3528 334 3582 hi
352 3531 470 3579 seriores
489 3537 563 3578 rates
582 3525 616 3576 ud
634 3536 788 3602 commeate
807 3541 857 3576 sue
875 3524 988 3577 duxisse
1008 3523 1145 3578 ridentur.

267 3618 299 3688 Q)
326 3615 493 3687 qrracrihhie
519 3621 625 3684 possit,
656 3634 689 3668 eu
718 3628 792 3668 vates
816 3619 878 3683 pios
900 3619 980 3684 regni
996 3613 1079 3678 hujus
1099 3612 1304 3680 sub·euspiciis

304 3694 426 3740 viventes
452 3689 510 3756 ejus
541 3687 643 3756 gaudio
667 3689 751 3739 simul
779 3686 851 3750 frui,
882 3697 910 3738 et
936 3686 1077 3754 quomodo
1107 3685 1162 3736 hoc
1186 3689 1304 3751 possint,

304 3762 452 3828 cogitarit?
480 3757 533 3812 Sed
563 3763 586 3810 si
613 3758 647 3809 de
674 3756 739 3809 sutis
756 3758 903 3813 hominum
922 3756 1024 3808 suturis
1043 3770 1134 3808 sermo
1153 3768 1213 3818 est,
1244 3768 1301 3807 tam

302 3847 401 3899 purum
428 3830 462 3881 de
483 3829 645 3908 lrominibus
665 3827 716 3882 sub
734 3829 839 3882 ordinis
862 3833 929 3882 nori
946 3831 1057 3888 mitium
1075 3825 1233 3880 viventibus
1251 3844 1301 3877 eo-

264 3910 268 3918 ’
290 3908 424 3972 giratur.
452 3912 480 3952 et
503 3911 646 3968 tantopere
675 3917 737 3967 spes
758 3893 793 3952 ‘iu
821 3899 932 3951 mortuis
960 3910 1080 3962 tautum,
1107 3902 1173 3966 quie
1198 3897 1300 3948 horum
1332 3903 1333 3906 ’

300 3975 386 4040 longe
404 3975 524 4024 maximo
547 3984 588 4024 est
612 3977 708 4038 eopia,
737 3971 892 4028 detinetur,
921 3981 952 4021 ut
971 3979 1060 4022 tatem
1078 3967 1112 4020 de
1130 3969 1175 4020 his
1192 3979 1298 4020 tantum
1333 3973 1334 4017 l

301 4045 379 4112 loqui
398 4041 471 4093 haud
489 4048 525 4094 sit
542 4031 655 4094 mirum·
692 4041 928 4109 Similiter-ceteri
942 4043 1021 4095 NuT.
1039 4045 1187 4108 scriptores
1206 4041 1297 4106 (pree-
1331 4029 1333 4075 ⁴

298 4126 342 4236 ltur
361 4113 479 4166 Paulum
496 4117 527 4166 in
545 4131 608 4184 epp.
626 4113 660 4166 od
676 4112 823 4184 Thessal.)
841 4129 950 4183 semper
967 4112 1026 4169 sere
1043 4112 1078 4166 de
1096 4115 1215 4166 mortuis
1233 4111 1297 4164 eolis

310 4195 461 4252 equuutur·
