2802 4684
183 59 187 86 '
248 41 250 52 .

55 414 60 424 ,
156 416 161 430 ,
216 325 466 406 Η-νίεἰοηεε.
518 324 624 412 113.
677 283 1169 438 OEP112434413ss199

92 507 215 572 suteer.
236 507 322 573 thes.
342 532 376 598 p.
391 519 465 584 392.
486 515 561 583 430.
584 505 749 594 (Corrodi)
770 509 849 572 lrrit.
871 507 989 573 Gesclr.
1011 503 1067 569 des
1085 503 1168 568 Chi-

90 597 198 660 li'asm.
221 593 261 657 Τ.
286 607 318 668 2.
340 619 374 682 p.
387 604 462 674 279.
483 603 546 668 434
568 597 667 684 sqq.)
687 593 825 659 multum
846 597 882 658 in
904 595 953 658 rei
974 592 1168 656 christianae

90 679 282 766 primdrdiis
308 681 471 758 invaluit,
490 693 538 755 ¹et
565 703 744 770 quanquam
774 683 1026 744 christianorum
1052 680 1107 740 his
1128 677 1167 740 de
1197 687 1200 692 '

88 769 186 829 rebus
206 766 378 851 opiniones
400 779 432 828 et
449 762 569 864 judicia
590 769 667 830 satis
683 780 808 830 mature
819 762 886 862 jam
902 765 941 828 ad
956 765 1041 826 hune
1056 765 1166 850 ipsum

91 846 339 938 Apocalypseos
353 853 474 925 ⁴locum
505 853 662 940 applicata
691 865 723 915 et
751 854 916 916 efformata
937 865 1088 930 agnoscas
1109 843 1165 944 (cf.
1265 859 1280 909 1

23 1003 26 1008 .
91 957 148 1000 ev.
170 937 292 1000 Nicod.'
312 937 367 999 cit.
388 932 493 1000 Andr.
523 953 556 1002 et
575 935 693 1002 Areth.
721 947 836 1012 comm.
858 937 955 1000 ad'h.
971 937 994 996 l.
1016 948 1050 1001 et
1066 937 1164 1032 huqus
1244 980 1247 988 f
1298 927 1304 940 ’
1391 1019 1392 1026 ¹

88 1023 171 1085 libri
203 1022 345 1084 imitatio
361 1025 535 1108 'recentior
567 1025 697 1110 spuriae
724 1025 877 1105 originis,
910 1020 1025 1084 eodem
1054 1019 1162 1104 Apoct
1209 1063 1211 1066 -

43 1153 45 1162 .
91 1106 295 1180 Jotruaneae
326 1108 441 1186 titulo,
481 1111 517 1172 in
544 1107 669 1173 Birchii
701 1121 815 1172 auctar.
845 1101 915 1170 eod.
948 1129 1036 1192 apoc.
1067 1105 1161 1168 Fabr.
1239 1151 1253 1192 p

88 1201 128 1280 p}
145 1191 253 1280 248),
281 1195 467 1257 xcommunis
489 1205 598 1258 tamen
630 1196 708 1256 haec
739 1195 893 1257 ecclesiae
919 1192 1162 1278 antiquissimae

88 1277 226 1361 traditio
258 1273 413 1342 facillime
441 1299 483 1342 ex
513 1281 577 1342 hoe
602 1281 692 1356 loco,
717 1283 1038 1368 quinam-martyres
1060 1277 1122 1338 duo
1144 1295 1162 1335 a

82 1376 169 1430 vate
192 1366 365 1446 significati
386 1365 471 1441 sint,
498 1364 567 1428 erui
587 1366 734 1451 potuisse
748 1365 922 1450 'vatemque
943 1385 1001 1425 suo
1020 1360 1163 1446 tempori
1248 1395 1253 1412 ι

89 1451 171 1512 satis
203 1449 386 1542 perspicue
406 1451 577 1538 scripsisse
607 1462 775 1514 monstrat.
835 1450 906 1512 Hos
944 1460 1062 1514 autemx
1081 1447 1174 1512 duos‘
1206 1449 1216 1460 “

89 1547 201 1609 uatem
224 1539 288 1598 hoc
311 1535 416 1622 capite
436 1536 590 1610 innuere,
612 1537 732 1599 indicia
755 1547 937 1599 monstrant
956 1537 1034 1598 satis
1052 1533 1162 1596 multa.

19 1653 24 1662 ·
49 1679 62 1698 „
88 1621 181 1684 Nam
204 1634 237 1684 et
267 1618 381 1706 opinio
417 1619 457 1683 de
481 1623 547 1686 ¹his
576 1621 712 1684 lllessiae
740 1623 949 1709 praeconibus
976 1621 1162 1704 ultimisque
1198 1635 1211 1648 ’·

87 1729 220 1770 morum
249 1707 506 1770 emendatoribus
533 1709 721 1794 pervulgata
747 1719 820 1770 erat
845 1709 911 1769 isto
933 1717 1096 1792 tempore,
1126 1713 1162 1762 ut

87 1790 201 1854 vatem
228 1793 270 1856 in·
296 1793 462 1855 visionum
490 1815 620 1876 suarum
646 1801 735 1866 nexu
762 1815 833 1860 earn
860 1805 991 1873 tangere
1019 1801 1161 1851 coactum

35 1891 40 1896 ’
87 1873 197 1940 fuisse
227 1879 332 1954 diceas
363 1889 397 1939 et
423 1879 512 1940 locus
541 1881 596 1965 qui
622 1877 661 1941 de
682 1881 726 1942 iis
746 1891 835 1959 agat,
868 1879 922 1939 hic
942 1871 1078 1943 idoneus
1102 1883 1163 1950 est,

88 1973 127 2026 et
162 1963 235 2049 ipsa
268 1961 449 2050 praedicata
484 1983 518 2027 v·
551 1973 583 2033 5·
611 1969 642 2032 6.
665 1974 724 2035 121
740 1965 906 2048 ‘descripta
934 1975 1000 2024 tarn
1028 1961 1165 2046 pulchre

88 2047 217 2126 Ellam,
238 2069 258 2125 e
278 2043 367 2142 cujus
390 2049 531 2112 historia
550 2045 617 2112 sere
638 2049 781 2114 desumto
802 2061 896 2126 sunt,
918 2049 1101 2122 collineant,
1125 2055 1162 2104 ut

87 2136 180 2203 hunc
199 2156 267 2196 non
284 2135 392 2220 possis
412 2155 481 2201 non
499 2155 681 2215 agnoscere.
723 2135 808 2199 Num
829 2157 908 2198 vero
931 2136 1012 2197 alter
1024 2131 1161 2193 Henoch

79 2241 133 2282 an
160 2219 268 2282 Moses
295 2219 525 2299 intelligendus
557 2223 601 2282 sit
631 2220 770 2282 dubitari
798 2219 928 2307 possin
963 2230 996 2282 et
1025 2215 1162 2279 Henoclr

88 2304 223 2453 quidem
234 2304 284 2367 'de
305 2327 368 2392 quo
389 2303 496 2367 Patres
517 2309 655 2392 (praeter
668 2305 772 2368 Hilar.
784 2306 905 2369 Pictas.
919 2307 955 2367 in
968 2295 1160 2382 1111111117.)

24 2429 31 2436 ,
106 2413 163 2454 ere
182 2386 340 2470 cogitant,
361 2411 404 2453 ex
424 2409 457 2452 r.
475 2401 524 2472 12.
547 2393 617 2469 (ubi
636 2403 771 2478 uterque
790 2394 826 2455 in
846 2392 971 2456 coelum
989 2387 1162 2462 adscendit,

88 2477 176 2540 sicut
209 2471 277 2574 jam
303 2477 394 2562 prius
422 2477 729 2562 utriqueaccidisse
754 2479 886 2540 traditio
920 2472 1054 2555 ferebat)
1081 2474 1159 2533 satis

85 2583 245 2642 magnum
274 2562 370 2624 habet
390 2563 607 2650 praesidium
644 2565 773 2650 utrique
796 2565 885 2641 enirn
906 2563 978 2623 hoc.
992 2567 1167 2622 commune

88 2648 279 2724 intercedit,
294 2657 298 2666 ‘
314 2647 400 2734 quod
426 2647 500 2710 vivi
528 2647 565 2710 in
591 2648 716 2710 coelum
743 2650 827 2734 rapti
848 2650 966 2710 iterum
986 2657 1019 2709 et
1038 2647 1075 2706 in
1095 2654 1187 2704 ter--

88 2755 163 2796 ram
183 2729 311 2796 demitti
332 2731 469 2818 possint
482 2740 514 2795 et
533 2733 620 2796 vitae
641 2733 760 2796 redditi
779 2739 816 2796 in
837 2734 962 2796 coelum
980 2731 1105 2804 redire,
1127 2737 1164 2788 ut

91 2820 228 2892 omnino
257 2816 363 2880 Eliarn
390 2839 462 2880 eum
491 2817 647 2882 Henocho
681 2821 721 2882 ob
757 2809 1012 2901 similern‘hanc
1041 2824 1162 2876 sortem
1191 2834 1195 2841 ’

90 2905 243 2990 copulare
265 2925 282 2966 e
303 2923 394 2973 ruore
416 2915 465 2966 est
487 2905 560 2980 aevi
590 2903 682 2966 illius
712 2899 768 2984 (ef.
787 2906 874 2970 inter
896 2904 959 2967 alia
979 2902 1064 2968 Iren.
1086 2899 1178 2962 adv.-

90 2992 225 3066 haen5,
240 2993 332 3068 5,1).
353 2985 495 3076 EMosis
512 2989 641 3076 quidem
655 2990 723 3053 vita
743 2997 818 3060 v.6.
839 2992 968 3071 insigne
980 2988 1162 3068 desumtum
1229 3026 1239 3044 .,

90 3070 260 3150 videmus'3
282 3075 338 3136 sed
359 3095 430 3164 cum
457 3067 656 3137 Serubabelis
680 3094 805 3162 quoque
826 3087 858 3140 et
876 3076 995 3151 Josuae
1013 3075 1119 3151 imago
1142 3091 1161 3131 a
1198 3141 1199 3144 Ἴ

89 3172 166 3223 vate
179 3159 226 3220 ad
247 3160 328 3221 duos
348 3159 412 3221 hos
437 3159 584 3224 diversos
605 3160 750 3222 traducta
771 3165 814 3224 sit
827 3167 869 3225 τ’.
884 3168 921 3238 4,
942 3158 1065 3223 Mosen·
1080 3145 1164 3218 alte-

88 3247 280 3310 rumillum
300 3247 408 3307 iatam
427 3245 630 3310 intellexisse
650 3241 769 3310 exinde
789 3247 960 3314 nonsatis,
978 3255 1063 3306 certo
1084 3263 1164 3306 con-

89 3331 243 3415 cluditur.
271 3375 273 3378 -
302 3330 367 3394 Nec
398 3341 505 3395 tamen
538 3333 646 3404 omnia
676 3333 755 3396 haec
792 3333 834 3420 de
859 3345 993 3418 utroque
1028 3339 1164 3402 narrata,

89 3427 191 3502 prout
210 3417 265 3479 hic
285 3429 483 3495 enarrantur,
496 3429 587 3482 vates
607 3411 674 3514 jam
695 3419 791 3480 obvia
812 3429 843 3478 et
863 3419 940 3480 trita
960 3414 1165 3488 inveniebam

91 3503 175 3589 quae
212 3503 301 3565 enim
328 3502 367 3564 d'e
395 3523 553 3584 annorum
578 3513 679 3566 trium
700 3513 732 3564 et
753 3502 882 3565 dimidii
894 3505 939 3566 ‘in
961 3502 1038 3564 urbe
1052 3509 1164 3560 'sancta

90 3589 346 3650 commoratione
368 3594 605 3674 martyrumque
634 3588 727 3651 caede
752 3611 771 3650 a
793 3590 968 3668 gentilibus
991 3602 1185 3670 eorumque

90 3673 252 3760 principe
269 3695 395 3735 summo
421 3685 602 3759 perpetrata
625 3695 656 3736 v.
677 3683 715 3751 7,
748 3686 780 3736 et
801 3672 867 3736 fato
891 3673 1053 3759 imprimis
1076 3667 1165 3730 urbis
1224 3736 1226 3740 ,
1251 3722 1253 3731 .

91 3757 218 3822 sanctae
239 3759 366 3823 caedem
389 3759 472 3822 hanc
493 3773 655 3823 cruentam
677 3771 828 3845 sequente
850 3783 884 3824 v.
906 3769 958 3830 13.
976 3765 1102 3832 narrat,
1128 3774 1165 3814 ea

93 3845 225 3930 quidem
250 3846 411 3909 hic'nora
431 3845 555 3907 ratione
577 3866 669 3908 suum
689 3846 725 3906 111
749 3847 848 3907 srnem
868 3841 1096 3930 composuisse
1112 3839 1167 3898 vi·

85 3933 207 4008 ,detur3
243 3931 280 3992 in
316 3930 379 3990 hoc
410 3941 517 3992 tamen
554 3932 720 3993 arltitriurn
751 3930 837 3991 haud
869 3949 1001 4016 prorsus
1031 3937 1166 4000 secutus,
1264 3969 1269 3988 .

93 4016 180 4077 ruod
200 4017 433 4100 prophetarum
453 4017 571 4078 horum
590 4020 728 4078 messiae
749 4015 955 4101 praeviorum
976 4011 1102 4078 caedem
1124 4031 1167 4072 ex
1209 4087 1212 4092 Ι

93 4039 217 4166 derisu
246 4101 282 4164 in
311 4113 396 4162 terra
423 4101 521 4189 occisi
542 4103 699 4166 historiae
723 4103 874 4188 exemplo
895 4112 999 4164 totam
1020 4093 1088 4162 sere
1108 4095 1167 4158 de·
1251 4152 1253 4164 ‚
1278 4151 1282 4155 .
1370 4105 1379 4116 '

786 4306 797 4340 N
837 4283 840 4288 ,
