2848 4682
237 320 301 399 ‘54'
355 261 467 412 [Da
483 285 632 412 auctore
655 315 739 416 libri
754 279 970 412 testimonia
999 323 1170 394 veterum.
1207 336 1228 399 ,·
1253 333 1259 342 ’

235 495 408 584 ιὀοῌεεὶιιιει
435 519 572 592 vexasse
587 497 739 580 scirent,
771 495 910 566 fidenter
930 499 1159 588 Apocalypsin
1180 497 1243 580 hoc
1265 497 1328 565 de·-

248 601 344 668 mhm
373 614 530 690 tempore,
552 587 702 689 ipsorum
731 605 908 670 memoriae
942 606 1098 692 propiore
1127 627 1145 670 a
1172 606 1325 672 iohanne

192 783 196 787 ¹
249 706 347 773 scribi
368 707 708 803 potuissessputarere3
739 721 874 796 ortaque
895 731 964 784 esse
984 707 1116 777 videtur
1139 707 1219 790 haee
1245 731 1325 784 sen-

249 813 348 878 tentia
370 834 413 876 ex
433 813 502 878 solo
524 813 596 902 locq
617 824 645 894 1,
666 823 700 889 9.
725 845 769 864 ·-
818 811 878 902 An
904 813 940 878 in
963 813 1078 880 Patmo
1094 841 1097 848 ι
1111 811 1253 902 scriptus
1279 813 1324 878 sit

116 931 118 934 ’
227 913 347 1014 ‚libert
367 914 453 984 iulia
474 913 655 1006 discussum
676 930 725 1010 est
745 918 786 986 ad
808 929 837 1004 1,
858 929 890 996 9.
932 987 936 1000 ,
1331 925 1334 935 ’

634 1208 637 1216 ¹
723 1095 842 1258 >se

478 1313 523 1369 Dc
547 1321 662 1367 auctore
678 1309 755 1394 libri
780 1309 941 1366 testimonia
963 1317 1098 1365 veterum.

333 1456 388 1526 De
408 1467 539 1524 auctore
559 1453 634 1540 libri
654 1471 773 1541 anceps
801 1451 931 1520 uidetur
951 1459 989 1514 et
1016 1446 1203 1518 difficillima
1225 1472 1327 1545 quae·
1394 1459 1404 1478 ’

211 1557 215 1564 ’
252 1560 330 1644 etio,
350 1564 453 1656 nuilla
472 1583 572 1650 super
595 1583 632 1624 ea
647 1572 720 1644 tam
728 1544 975 1645 antiquioribus
993 1575 1091 1640 quam
1105 1556 1224 1622 nostris
1237 1570 1326 1624 tem·
1396 1562 1399 1566 ’

252 1639 387 1754 poribhs
420 1667 619 1734 dubitatione
649 1679 682 1734 et
704 1667 778 1736 tite,
830 1661 892 1729 Sed
916 1661 1059 1726 multum
1085 1659 1124 1724 ad
1151 1683 1222 1734 earn
1244 1662 1327 1731 diri-

252 1771 410 1841 mendam
433 1774 471 1840 iis
498 1773 565 1858 jam
595 1774 779 1840 continetur
814 1787 896 1852 quae
917 1765 1098 1852 ‚hucusque
1130 1763 1171 1828 da
1208 1767 1324 1832 ceteris

253 1873 328 1940 libri
356 1875 484 1942 dotibus
503 1879 663 1965 (exposita
689 1887 795 1955 sunt3,
823 1882 996 1960 potestque
1015 1879 1119 1960 totum
1142 1867 1206 1936 hoc
1226 1893 1327 1958 argu-

230 1990 402 2054 ,mentum
423 1981 571 2049 subsidiis
592 1980 744 2054 omnibns
763 1977 825 2046 rite
841 1977 991 2046 adhibitis
1010 1997 1099 2040 nunc
1117 1973 1327 2063 ita'transigi‚

195 2105 204 2120 ·
252 2099 288 2149 ut
299 2083 427 2152 ,dubius
444 2087 578 2164 haerere
594 2096 736 2172 nequeat
758 2083 821 2149 nisi
841 2083 897 2170 qui
913 2082 1032 2146 timore
1049 2080 1196 2146 aliauere
1208 2081 1326 2150 ductus
1416 2137 1417 2142 ,

253 2187 421 2256 manifesta
439 2177 798 2268 historiaetestimonia
818 2179 948 2260 sinistre
968 2186 1048 2252 velit
1065 2183 1283 2272 interpretari.
1416 2197 1417 2208 ¹

126 2383 130 2392 '
202 2394 206 2430 t
336 2371 575 2467 Vulgaris'fert
587 2381 735 2464 traditio,
755 2379 939 2466 iohannem
955 2378 1151 2480 Apostolum
1168 2391 1200 2447 et
1212 2381 1327 2460 Euan,-

127 2491 129 2498 '
195 2434 204 2566 i
252 2484 397 2574 gelistam
418 2486 493 2551 libri
515 2510 584 2552 esse
605 2500 781 2554 auctorem
823 2484 916 2570 Quae
937 2483 1066 2548 traditio
1086 2483 1252 2553 historicis
1260 2488 1327 2552 rni-

116 2576 122 2580 ’
158 2618 163 2627 ’
251 2612 315 2664 nus
336 2585 530 2680 antiquitatis
549 2591 739 2658 christianae
759 2588 952 2656 testimoniis
975 2599 1030 2652 aut
1050 2585 1175 2656 firmari
1196 2602 1250 2656 aut
1268 2614 1327 2655 re-

251 2693 351 2760 futari
370 2705 497 2788 potest,
518 2717 617 2782 quam
637 2679 793 2764 indiciis
785 2695 896 2812 ipsius.
906 2692 980 2759 libri
1002 2692 1188 2762 manifestis.
1238 2696 1325 2764 Cum

181 2807 186 2824 '
253 2795 357 2866 enim
370 2799 505 2866 omnino
531 2791 726 2888 antiquitatis
756 2797 901 2865 criticam
930 2798 1155 2887 diligentiam
1146 2805 1324 2888 ignorantis

219 2969 222 2976 ,
253 2890 294 2970 de
316 2905 474 2972 sublestae
499 2904 575 2974 fidei
601 2906 730 2995 seriptis
758 2901 943 2968 testimonia
963 2903 1088 2988 saepius
1109 2903 1165 2970 ubi
1183 2907 1325 2994 scripto-

252 3031 329 3076 rum
357 3022 457 3076 aetate
485 3011 759 3098 inferiorasunt,
787 3005 907 3095 parum
938 3017 1049 3077 exacta
1077 3018 1111 3092 et
1137 3005 1224 3094 certa
1245 3032 1325 3089 cen-

252 3115 352 3180 senda
380 3116 465 3197 sint,
494 3129 564 3183 tum
582 3115 746 3202 imprimis
767 3115 802 3180 in
822 3135 861 3176 eo
883 3112 1021 3198 scripto,
1047 3111 1134 3198 quod
1160 3135 1234 3178 curn
1257 3113 1324 3182 aliis

254 3221 411 3305 ejusdem
420 3221 560 3286 auctoris
585 3217 736 3283 conferre
755 3219 868 3301 licet,
865 3205 975 3280 ciitice
992 3215 1228 3300 dijudicando
1218 3231 1325 3310 inter7

252 3325 304 3390 nis
326 3327 441 3392 certius
460 3289 627 3402 fidentium
650 3331 699 3386 est
720 3317 845 3428 indiciis
867 3345 964 3408 quam
993 3320 1184 3386 testimoniis
1212 3332 1325 3386 exter·-
1342 3378 1348 3390 ‚

253 3429 314 3516 nis.
331 3431 470 3532 Placet
496 3430 595 3518 igitur
625 3436 681 3491 ext
683 3391 760 3532 ertia
778 3423 832 3492 hic
853 3429 978 3528 prins
968 3403 1153 3493 examinaie
1174 3428 1324 3524 antiquae
1413 3437 1414 3440 ’

323 3629 456 3682 Romanis
483 3631 613 3698 explieat.
672 3624 727 3680 Sed
754 3633 815 3699 lpse
842 3633 977 3700 cogitavi,
1011 3645 1094 3698 posse
1117 3629 1257 3684 Neronem
1283 3625 1325 3683 ita

211 3735 228 3801 *k
323 3731 489 3774 ortanum
512 3722 583 3786 dici,
609 3730 641 3772 ut
666 3723 692 3774 ei
706 3718 780 3776 liber
795 3722 969 3789 Vespasiano
986 3697 1118 3790 i’rincipe
1140 3726 1325 3789 scriptitasti,

324 3809 757 3866 Domtnanuschrtsnanos
781 3813 899 3868 Neronia
924 3817 1012 3865 instar
1037 3829 1140 3874 vexans
1163 3825 1190 3865 et
1207 3816 1324 3874 omnino
1412 3797 1413 3846 Ῑ

320 3904 439 3958 Neronis
465 3905 627 3957 crudelitate
652 3905 809 3957 simillimus
835 3905 940 3973 ¹alter
970 3903 1065 3957 Nero
1096 3903 1218 3960 dicatur.¹
1268 3901 1337 3955 Sed·

264 4013 268 4020 ·
321 3997 434 4047 manent
456 3997 494 4046 ita
518 3991 693 4064 difficultates
711 3996 849 4062 plurimae
867 3999 905 4060 (r.
923 4013 947 4048 c·
964 3995 1040 4064 quod
1057 4005 1205 4062 autequam
1222 3993 1324 4045 Domi-

317 4087 440 4138 nitianus
464 4099 583 4155 regnum
607 4090 819 4156 capessiverat,‘
832 4084 870 4136 de
891 4084 1052 4138 crudelitate
1069 4085 1129 4151 ejus
1145 4081 1324 4137 noncoitati-

180 4177 184 4186 '
229 4243 238 4254 .
319 4172 382 4242 rit)‚'
407 4187 438 4232 ut
455 4178 591 4232 Veterum
611 4159 786 4234 traditionem
804 4175 931 4229 deserere
948 4179 1035 4228 satim
1052 4175 1096 4228 eit.
1176 4187 1190 4198 ¹·

775 4407 783 4436 Ι
