2840 4690
149 241 154 392 Ι.
242 255 338 378 142ι
466 291 715 396 ΙΗίείοηθεῇ
776 294 982 386 2.(1αῙ).,5,ι
1004 291 1089 380 2,3.

241 473 379 552 dicitur,
413 473 560 538 omnium
589 465 653 538 suit
680 475 925 558 longissimam,
958 489 994 540 ut
1020 488 1126 556 cetera
1152 473 1319 566 deinceps,

241 565 310 650 quo
333 563 510 625 remotiora
530 583 549 624 a
570 561 736 642 cylindro,
767 585 806 625 eo
827 564 982 636 breviora.
996 564 1153 640 tierent„
1188 577 1319 634 oterant

173 680 176 684 ·
241 668 316 710 sane
348 648 475 728 singula
505 649 603 712 etiam
629 643 772 734 conspici
800 649 909 728 sigilla
933 651 1129 730 marginibus
1150 587 1317 726 ‚ddliorum

240 729 499 819 prominentibus
521 733 670 819 deinceps
689 735 857 818 impressa.
897 731 998 820 quue
1016 746 1048 796 ut
1065 747 1214 819 putemus
1236 736 1316 800 inde

241 820 339 882 etiam
364 817 566 896 adducimur,
589 819 675 906 quod
695 814 777 880 solia
795 840 851 882 seu
873 819 981 899 sigilla
1004 821 1095 905 prius
1113 823 1218 884 soluta
1239 823 1317 884 bre·

240 905 344 972 rioris
364 917 438 968 sunt
459 897 655 986 argumenti,
683 907 864 990 posteriora
886 906 1055 990 amplioris
1077 906 1190 978 ordine
1210 899 1315 1004 justo.

239 987 332 1067 Quae
352 1012 533 1081 quanquam
553 993 599 1052 ita
620 991 794 1069 imaginem
814 993 969 1076 praebent
989 1012 1176 1072 congruam,
1196 1005 1315 1080 atqua

236 1078 298 1140 alia
326 1079 451 1146 ratione
479 1089 569 1140 vates
597 1076 718 1140 librum
738 1077 824 1140 hunc
845 1077 993 1156 cogitarit
1012 1079 1167 1158 nesciam,
1201 1089 1313 1147 tamen

147 1165 150 1172 ⁴
237 1161 352 1225 sedulo
385 1163 562 1224 cavendum
596 1184 637 1224 ne
661 1163 710 1224 ‘in
737 1159 897 1241 imaginis¹
919 1163 1019 1236 totius
1040 1164 1312 1248 ,interpretatione

149 1275 152 1278 ·
236 1249 334 1312 nimii
355 1248 465 1310 simus.
508 1247 551 1309 Ut
571 1249 660 1310 eaim
680 1247 763 1308 liber
784 1248 839 1308 hic
862 1249 1014 1322 nonnisi
1029 1245 1068 1325 ad
1082 1269 1193 1311 areana
1207 1245 1312 1312 futuri

236 1335 395 1416 temporis
431 1332 495 1396 soli
524 1333 585 1398 deo
614 1346 690 1396 nota
720 1331 913 1416 designaada
934 1333 1081 1414 fingitur,
1115 1335 1162 1406 sic
1180 1347 1311 1420 septem

234 1419 344 1498 sigilla
372 1419 434 1480 hoc
463 1420 534 1482 solo
570 1417 727 1492 consilio,⁸
745 1418 1001 1496 distinguuntur,
1036 1430 1073 1482 ut
1107 1423 1311 1500 arcanalilla

232 1505 402 1592 paullatim
425 1499 651 1589 perordinem
672 1495 792 1600 justum
813 1497 1008 1589 patefactum
1023 1505 1071 1572 ‚iri
1090 1509 1309 1587 monstretur,

231 1592 333 1670 igitur
353 1589 504 1676 deinceps
528 1592 582 1652 ubi
603 1590 730 1670 singula
750 1587 972 1665 recluduntur,
992 1611 1061 1670 non
1083 1603 1308 1668 argumentum

230 1677 324 1762 quasi
355 1697 373 1737 e
403 1678 509 1739 tabula
529 1676 666 1754 legitur,
696 1674 752 1738 sed
769 1686 915 1741 narratur
937 1686 1061 1745 tantum
1083 1696 1190 1752 return
1213 1671 1307 1742 futu-

228 1783 337 1824 rarum
356 1759 434 1838 ordo
461 1773 493 1824 et
514 1781 722 1846 progressus,
905 1837 909 1858 1

315 1873 360 1936 V.
378 1885 409 1946 Q.
438 1871 501 1935 Sed
521 1895 589 1940 noa
610 1859 718 1936 statim
738 1869 873 1936 Messias
893 1869 932 1934 ad
953 1871 1073 1935 librum
1093 1869 1307 1958 aperiendum

228 1959 360 2044 prodire
380 1970 507 2046 potest3
527 1959 771 2022 monstrandum
791 1960 987 2044 prius-erat,
1008 1959 1173 2022 neminem
1197 1959 1304 2020 coeli-

227 2043 370 2108 colarum
385 2057 512 2131 praeter
532 2044 684 2107 Messinm
703 2047 834 2123 negotio
855 2044 933 2104 huic
952 2063 1063 2130 parem
1085 2063 1173 2121 esse,
1198 2045 1302 2106 utita

227 2131 375 2194 omnium
405 2133 491 2192 oculi
514 2131 550 2193 in
578 2127 676 2227 huju's
696 2129 942 2212 admirationem
961 2131 1137 2215 rapiantur.
1185 2125 1309 2216 Itaque,

225 2231 335 2280 morae
365 2229 550 2291 nectuntur,
591 2215 762 2301 proditque
790 2215 922 2294 angelus
961 2233 1076 2302 praeco
1118 2213 1301 2302 qrricunque

227 2303 354 2386 possint
375 2301 413 2363 ad
436 2304 554 2363 librum
576 2290 952 2380 resignandum‘vocans.
1011 2296 1070 2362 Cui
1084 2321 1163 2370 ,cum
1185 2318 1302 2362 omnes

224 2391 375 2471 impares
402 2388 482 2464 sint,
530 2386 694 2448 iohannes
724 2385 870 2461 tandem,
916 2405 1027 2448 arcana
1057 2404 1149 2472 quae‘
1164 2381 1300 2448 videbat

222 2474 348 2534 inclusa
372 2473 456 2534 haud
478 2468 670 2558 patefactum
691 2471 734 2532 iri
754 2471 925 2556 desperans
946 2466 1126 2556 frustraque
1142 2491 1248 2556 paene
1260 2491 1298 2533 se

151 2561 156 2572 '
179 2631 182 2636 ¹
222 2559 261 2620 in
283 2567 409 2622 coetum
429 2559 515 2620 hunc
533 2558 572 2620 ad
592 2578 643 2620 res
662 2553 784 2620 futuras
798 2554 1031 2637 cognoscendas
1046 2568 1172 2642 raptum
1189 2561 1233 2633 (4,
1250 2551 1297 2641 1.)

223 2655 341 2729 putans
360 2645 396 2706 in
418 2645 572 2727 lacrymas
594 2643 771 2706 effunditur
796 2645 939 2717 acerbas,
975 2641 1075 2706 donec
1096 2654 1171 2726 post
1189 2653 1297 2722 tantae

222 2749 353 2806 moras,¹
379 2727 547 2792 Messium
575 2751 598 2790 a
624 2728 685 2792 deo
710 2728 839 2792 veniam
868 2729 950 2792 hanc
977 2725 1113 2811 petiisse
1133 2737 1166 2788 et
1185 2727 1296 2812 impe-

223 2825 340 2891 trasse,
362 2835 380 2875 e
398 2817 553 2876 sanctiori
574 2826 664 2878 uoetu
677 2815 804 2901 quidam
820 2811 963 2877 iohanni
979 2814 1133 2877 nuncians
1150 2814 1296 2876 animum

222 2898 330 2962 reddit
356 2899 405 2976 (v.
423 2905 487 2976 5·),
518 2911 613 2987 atque
634 2901 680 2962 ita
704 2903 760 2986 qui
782 2921 863 2964 unus
885 2899 995 2972 deest,
1026 2897 1159 2960 Messias
1178 2898 1296 2984 prodit

224 2986 371 3046 omnium
392 2984 427 3046 in
449 3006 483 3047 se
505 2986 863 3050 conversurusoculos.
917 2981 1009 3068 Quae
1034 2981 1194 3068 qu⁰m0d0
1217 2981 1294 3062 (lig-

221 3071 298 3132 nius
333 3080 366 3132 et
392 3071 498 3153 aptius
529 3073 651 3151 fingere
671 3077 814 3156 potuerit
836 3063 924 3133 rates
945 3068 1065 3133 nescio.
1127 3061 1294 3146 Angelum
1331 3079 1338 3086 '

149 3191 151 3198 ·
222 3145 357 3244 ἰσχυρόν
379 3157 526 3216 nominat
543 3177 611 3219 non
634 3159 781 3241 epitheto
801 3156 948 3229 ornanti,
969 3149 1055 3242 quod
1070 3150 1148 3236 quid
1167 3155 1294 3218 sitnon

220 3239 456 3319 intelligimus,
485 3239 541 3302 sed
562 3242 635 3328 quia
651 3261 779 3325 praeco
801 3254 866 3316 θεῖς
899 3250 973 3302 sunt
995 3239 1083 3326 epim
1107 3239 1294 3322 praecones,

223 3335 257 3384 ut
278 3318 344 3419 jam
365 3345 406 3386 ex
426 3324 569 3390 Homero
589 3337 722 3402 notum,
744 3329 956 3400 robustiores,
978 3334 1026 3394 est
1043 3323 1142 3402 igitur
1156 3323 1218 3384 hoc
1232 3324 1293 3386 ad-

157 3449 172 3478 „
221 3402 379 3508 jectivum
410 3414 595 3494 appositum
625 3414 664 3474 ab
693 3433 805 3475 vocem
829 3409 941 3474 altum
962 3403 1070 3494 (φωνὴ
1091 3399 1236 3494 μεγάλη)
1255 3419 1292 3470 ut
1333 3405 1340 3423 ³

221 3505 273 3586 40,
296 3507 325 3564 1·
348 3503 380 3562 3.
405 3489 494 3570 ἄξιος
514 3495 592 3581 quis
612 3518 653 3557 eo
673 3503 730 3578 est,
741 3493 934 3581 dignitate,
956 3505 991 3554 ut
1012 3491 1089 3554 deus
1104 3495 1209 3556 arcani
1223 3493 1291 3554 hu-

219 3599 270 3668 ]us
293 3580 446 3640 notitiam
466 3582 532 3664 ipsi
552 3579 712 3662 concedat.
741 3614 783 3625 -
826 3581 871 3642 V.
894 3590 926 3648 3.
960 3577 1081 3640 Mirum
1101 3579 1209 3640 visum
1230 3590 1291 3658 est,

220 3663 382 3750 quomodo
405 3675 495 3728 vates
512 3664 683 3728 neminem
704 3667 740 3728 in
761 3663 865 3740 coelo,
894 3663 948 3726 ubi
969 3685 1021 3726 res
1043 3664 1147 3742 agitur
1167 3665 1291 3743 inven7

218 3761 302 3812 tum
317 3770 385 3814 esse
414 3751 556 3812 dicturus
584 3761 700 3814 terram
732 3765 857 3836 quoque
885 3761 917 3812 et
937 3761 1019 3810 terra
1038 3741 1194 3810 inferiora
1215 3759 1291 3811 tan·-

217 3855 292 3915 gere
313 3837 467 3920 potuerit.
509 3835 582 3921 Ipse
601 3846 707 3898 tamen
729 3837 883 3922 scriptor,
897 3853 1003 3922 ¹quam
1028 3828 1124 3929 hujus
1145 3833 1298 3895 locutio-⁸

217 3922 270 3982 nis
292 3923 397 4004 prima
419 3923 544 4002 origine
567 3940 608 3984 ex
625 3919 729 3983 Exod.
743 3931 795 3998 20,
813 3927 843 3992 4.
866 3919 1027 3982 derivatae
1049 3930 1189 3980 mentem
1206 3942 1290 3981 con·

216 4005 353 4090 ceperit,
376 4029 412 4088 v,
425 4017 476 4078 13.
498 4007 663 4069 indicavit.
707 4004 775 4088 Qui
796 4007 884 4068 enim
906 4005 1054 4066 omnibus
1075 4002 1290 4090 rnundippar-

214 4092 301 4154 tibus
315 4093 492 4177 praepositi
505 4105 580 4156 sunt
595 4091 701 4172 angeli
711 4094 828 4154 sununi
850 4088 896 4177 (v.
905 4111 938 4176 p.
949 4100 1020 4162 103.
1035 4100 1071 4182 et
1081 4085 1164 4152 infra
1178 4111 1209 4150 v.
1219 4085 1289 4174 13.)
