2848 4682
178 305 181 312 “
210 295 276 398 De.
292 273 479 428 serrbendi
497 297 646 375 consilio
667 255 822 396 librique
843 257 1068 398 argumento.1
1141 315 1167 390 5

89 480 143 546 lae
163 477 237 545 satis
255 469 489 547 demonstrant.
519 481 587 578 {Ea
617 485 751 573 apostoli
779 495 816 570 ut
835 471 1081 563 consolabuntur
1101 490 1169 580 mizi

88 605 202 667 seros,
222 584 266 650 ita
282 585 397 700 ¹implis
415 582 625 655 minabbntur
651 593 685 670 (1
707 591 786 659 Cor.
809 598 865 671 16,
887 595 964 676 ως
995 591 1167 663 Christum

88 711 169 756 cnm
199 709 279 756 mox
306 713 370 778 pro
403 693 519 758 merito
545 695 699 761 omnibus
725 695 960 762 retributurum
988 713 1025 766 et
1046 700 1166 792 impios
1270 757 1274 766 .
1347 753 1350 760 -
1379 726 1385 736 ·

86 794 253 882 imprimis
283 797 478 884 puniturum
515 820 584 864 esse
613 801 719 888 quivis
748 813 895 889 putaret,
927 811 1018 868 tanto
1047 805 1167 872 sr'dore
1254 865 1256 874 .
1336 861 1340 874 .

87 900 240 966 Christi
249 917 419 988 praecepta
451 915 584 968 tenuere
621 915 660 982 et
686 905 856 982 contemtis
888 889 1039 974 humanis
1068 909 1166 999 (Tac.

84 1005 183 1074 Ann.
204 1017 261 1089 15,
280 1013 338 1089 14)
357 1006 509 1072 omnibus
531 1020 627 1095 atque
648 1008 774 1076 caducis
803 1007 913 1074 futura
940 1011 1074 1076 meliora
1103 1013 1164 1080 soli

84 1112 202 1178 virtuti
229 1110 403 1176 studentes·
424 1132 564 1198 sperare·
582 1113 744 1195 solebant,
782 1124 821 1179 ut
851 1111 914 1178 nisi
941 1112 1021 1180 haec
1050 1095 1163 1204 opinio
1258 1161 1260 1168 ·

84 1216 152 1292 alte
181 1216 296 1282 animis
325 1235 440 1281 eorum
475 1213 579 1282 inliria
613 1215 744 1298 fuisset,
780 1225 949 1304 nunquam
982 1218 1166 1288 doctrinam

84 1319 297 1386 christianam
316 1332 383 1384 tam
403 1317 540 1386 mirifice
559 1321 733 1412 propagari
754 1333 787 1388 et
818 1322 993 1388 sustentari
1021 1323 1166 1412 potuisse
1252 1381 1255 1388 .

84 1423 201 1488 credas
227 1429 272 1505 ⁸).
315 1423 653 1520 Cumquerpersuasio
675 1425 754 1492 haec
774 1424 981 1512 iniquissimis
1006 1423 1165 1516 Christia-

82 1537 209 1596 no'rum
228 1529 413 1617 primorum
434 1533 643 1654 temporibus,
658 1529 842 1598 firmissima
861 1527 975 1596 fnisset
1001 1537 1034 1594 et
1053 1531 1162 1598 uritis·
1206 1565 1238 1600 m
1272 1618 1277 1628 .
1356 1595 1357 1606 ,

82 1634 169 1700 sima
189 1637 243 1716 (ut
260 1654 390 1730 semper
403 1635 444 1709 in
459 1637 629 1720 maximis,
650 1659 730 1725 quas
752 1635 915 1704 immerito
935 1629 1091 1716 subimus,
1106 1657 1165 1702 ca-

82 1737 278 1806 lamitatibus
295 1741 475 1827 plurimum
505 1765 587 1830 opus
609 1755 658 1809 cst
665 1739 776 1829 spei),
804 1749 917 1830 postea
943 1737 1049 1803 inde
1047 1760 1066 1812 ιι
1095 1736 1163 1807 fine
1220 1743 1230 1764 ⁸

83 1845 205 1909 saeculi
225 1843 358 1914 secundi
378 1856 412 1911 et
431 1846 520 1912 tertii
542 1869 617 1912 oum
642 1845 826 1914 laetioribus
859 1855 893 1910 et
916 1827 1089 1910 tutioribus
1113 1847 1165 1918 rei
1204 1855 1206 1867 '

84 1947 280 2014 christianae
306 1949 521 2016 incrementis
550 1973 686 2040 prorsus
704 1949 837 2016 evanuit
867 1949 921 2014 vel
949 1949 1164 2037 explicatione

82 2054 130 2134 (si
153 2075 232 2118 vera
251 2052 346 2120 fateri
365 2057 452 2137 licet)
474 2055 558 2130 falsa,
572 2057 613 2124 ita
633 2057 804 2130 immutata
821 2065 879 2134 est,
900 2063 938 2117 ut
957 2053 1024 2138 jam
1038 2049 1163 2126 Christi
1251 2127 1254 2144 ⁸

83 2157 265 2223 adventum
292 2165 379 2245 post'
393 2153 588 2226 immensam
619 2159 753 2227 demum
782 2169 815 2226 et
845 2158 970 2224 nemini
999 2159 1161 2250 cognitam

80 2266 267 2332 seculorum
287 2265 404 2330 seriem
426 2266 682 2354 exspectandum
703 2272 957 2358 esse'pu‘tareut.

166 2471 241 2543 Hac
270 2471 369 2562 igitur
405 2473 572 2540 communi
605 2484 794 2562 temporum
830 2471 967 2538 istorum
1005 2470 1161 2558 opinione

80 2573 185 2638 utitur
210 2575 305 2638 etiam
334 2575 516 2658 felicissime
544 2591 657 2644 auctor
674 2577 1035 2670 Apocalypseos,
1065 2578 1158 2660 cujus

24 2672 50 2772 μ’
79 2673 248 2743 summum
273 2695 499 2798 argumentum
521 2681 585 2746 hoc
605 2695 671 2764 est,
697 2695 737 2770 ιιι
765 2681 1049 2748 Christianos
1070 2691 1157 2746 tum

78 2785 285 2872 temporis
310 2784 505 2849 maximis
527 2785 645 2850 malis
667 2764 897 2878 oppress'os
927 2798 961 2851 et
981 2807 1000 2850 a
1020 2787 1158 2884 gentl—
1195 2879 1200 2888 1

77 2889 183 2956 lium
218 2883 364 2952 furore
396 2907 523 2952 coeco
555 2903 732 2958 vexatos
771 2889 954 2955 adventu
986 2889 1157 2957 Christi

24 2983 25 2988 ἵ
77 2991 272 3060 vindicis
293 2993 365 3079 pios
386 2995 649 3076 remunerantis,
674 2994 808 3083 impios,
826 2979 1002 3080 gentiles
992 2996 1155 3083 rmprimis
1182 3009 1183 3014 ’

75 3097 241 3186 punientia
274 3097 419 3164 vivide
451 3097 730 3166 describendo
764 3099 1019 3167 consoletur
1046 3111 1086 3192 ct
1112 3125 1155 3166 ne
1265 3117 1269 3126 “

76 3215 170 3268 metu
190 3201 289 3268 fidem
311 3201 459 3271 deserant
479 3201 790 3274 adhorteturaeminis
811 3201 981 3273 immixtis.
1021 3205 1095 3270 Nec
1120 3206 1154 3272 id

108 3432 141 3495 1)
157 3409 450 3485 Uillissimam'tamcn
466 3431 538 3486 hauc
556 3410 678 3505 pro·illo
695 3440 819 3500 tempora
837 3434 999 3502 opinionem
1016 3429 1152 3510 facillimo
1205 3487 1211 3508 ,
1257 3421 1261 3428 ’
1377 3510 1382 3520 ¹

146 3536 255 3573 errores
277 3519 596 3590 producerepotuisse,
622 3530 731 3588 praeter
759 3520 909 3580 historiam
935 3524 1151 3578 ecclesiasticam
1198 3535 1202 3550 ¹
1305 3547 1309 3554 ·

137 3615 239 3679 ‘ipsum
256 3609 316 3678 jam
328 3610 410 3670 docet
426 3611 462 3666 N
481 3611 515 3672 Τ
549 3611 620 3680 Num
636 3611 704 3669 alii,
711 3616 829 3680 praesuli
845 3621 952 3665 tantum
970 3613 1150 3680 exspectandi

144 3701 291 3758 dulcedine
307 3699 398 3770 ducti,
421 3703 598 3774 impatienter
620 3702 746 3761 reditum
765 3700 968 3785 eanpectabuut
983 3709 1000 3760 1
1019 3699 1149 3760 Thessal

108 3797 178 3866 ,5,
201 3800 229 3854 1.
247 3791 382 3866 2Thess.
399 3800 474 3862 2,1
499 3809 575 3865 ιᾳιμ
567 3781 647 3854 alii
671 3797 775 3854 serius,
799 3791 944 3864 Apostolis
961 3794 1095 3858 mortuis,
1112 3791 1147 3846 ds

143 3882 234 3936 reditu
252 3895 367 3952 prorsus
384 3879 560 3946 dubitabant,
583 3883 627 3936 ita
646 3892 678 3944 ut
695 3881 805 3940 sublato
822 3895 900 3943 metu
916 3881 1036 3942 Messias
1054 3882 1147 3939 vindi·

141 3976 184 4026 cis
202 3973 373 4028 adventantis
391 3975 525 4031 vitiorum
548 3987 578 4026 se
596 3970 727 4036 dederuut
744 3966 886 4036 foeditati3
910 3982 1043 4034 monstrat
1059 3969 1089 4026 id
1103 3969 1147 4040 alf
1177 4021 1180 4029 ,

141 4073 201 4116 tera
217 4061 295 4116 Petri
313 4061 445 4131 epistola,
463 4075 545 4132 quum
560 4071 683 4124 'eneunte
701 4063 812 4131 demum
831 4062 940 4118 saeculo
963 4067 1053 4130 primo
1076 4064 1146 4115 scri·

140 4161 216 4220 pum
234 4161 313 4222 puto.
637 4165 641 4178 ·
