2848 4682
218 267 276 382 De
301 323 465 408 ternpore
493 333 563 450 qsto
587 293 848 465 Apocalypsis
847 311 980 403 scripta
1003 321 1065 381 est
1088 327 1182 406 47

106 495 167 581 giis
194 449 328 582 tempus
350 515 416 580 quo
436 491 574 581 scriptus
596 492 655 572 sit,
690 515 788 579 qnam
817 491 916 559 fieri
913 503 1024 580 potest
1046 489 1182 579 diligen·

106 600 233 664 tissime
259 601 502 682 investigem
520 599 599 662 Fert
630 596 717 662 enim
753 597 901 662 omnium
930 599 1025 681 hujus
1052 602 1182 685 generis

106 725 248 789 operum
269 705 367 780 ratio,
397 713 434 766 ut
453 712 601 786 tempora
622 681 656 765 et
684 703 819 787 tyranni
847 704 988 787 quorum
1016 705 1184 789 iniquitate

19 796 21 802 ⁵
58 824 61 831 ’
108 809 215 893 pressi
245 809 389 894 aequales
421 807 504 870 vatis
533 805 762 914 desperabant,
796 816 880 869 tecte
910 809 1040 892 quidem
1066 823 1098 873 et
1123 833 1193 878 ιιι)-χ

107 912 252 976 minibus
291 911 455 1022 ont-issia,¹
474 897 536 975 sed
563 911 825 998 prudentiorum
850 923 961 982 tamen
1003 913 1185 998 aequalium
1261 995 1264 1004 Ι
1362 917 1365 926 ’

36 1051 39 1056 1
111 1018 227 1102 cuique
253 1009 322 1082 tem
348 1015 536 1107 perspicuis
574 1016 783 1104 designentur
821 1016 937 1102 signis,
982 1029 1017 1081 ιιι
1047 1019 1184 1086 lectores

83 1120 221 1198 ‚etiami
236 1119 445 1186 remotissimi
469 1119 641 1206 temporis,
678 1119 776 1184 modo
804 1141 846 1182 ne
875 1119 1027 1186 historiae
1052 1133 1186 1208 tempo·
1218 1200 1222 1205 ‚

112 1245 189 1285 rum
211 1223 341 1292 illorum
368 1217 503 1308 vestigia
531 1245 667 1310 prorsus
690 1225 790 1290 deleta
810 1225 891 1302 sint,
923 1221 1053 1311 tenipus
1075 1227 1187 1311 scripti
1257 1305 1261 1311 ¹

75 1322 92 1331 ⁸
114 1325 223 1414 operis
258 1325 348 1390 satis¹
365 1338 454 1392 certo
489 1329 614 1413 assequi
647 1343 774 1418 queant.
828 1328 941 1412 Itaque·
968 1341 1004 1394 ut
1033 1330 1187 1405 Danielis,
1217 1349 1221 1359 ι

115 1430 287 1510 Henochi,
319 1431 537 1520 Pseudoesrae
563 1433 653 1498 libris
686 1443 890 1518 temporum,
930 1431 1057 1516 quibus
1077 1449 1186 1522 ortum
1255 1509 1257 1514 ι
1303 1453 1306 1458 “

117 1536 237 1614 (lebant
263 1521 442 1624 eorumque
477 1538 705 1616 calamitatum,
743 1533 859 1622 quibus
890 1557 973 1600 mox*
996 1534 1187 1626 rsuccessura
1216 1585 1219 1594 «
1245 1593 1251 1601 .

115 1661 186 1704 esse
213 1651 350 1736 eperunt
375 1641 525 1722 meliora,
560 1644 638 1708 satis
664 1642 830 1706 manifesta
858 1641 970 1704 insunt
997 1639 1106 1724 signa,
1118 1625 1188 1706 'sic
1277 1689 1301 1710 ,,

17 1745 23 1750 ’
115 1747 363 1864 Apocalypseos
385 1747 481 1810 etiam
505 1755 669 1810 auctorem
691 1763 894 1834 tempotum,
915 1765 996 1830 quae
1016 1745 1189 1808 scribendo

18 1891 20 1897 ,
116 1845 232 1913 ansam
251 1851 279 1913 ei
299 1849 497 1954 praebuere,
515 1861 736 1946 tyrannorum
760 1849 875 1935 quibus
897 1870 1016 1936 poenas
1038 1853 1195 1936 proxime
1225 1899 1226 1904 ι

117 1955 237 2018 instare
263 1955 331 2037 just
333 1977 366 2020 as
398 1949 528 2033 monet,
565 1968 597 2017 et
631 1957 844 2021 calamitatum
876 1955 991 2040 quibus
1027 1956 1210 2031 christiani·
1337 2017 1339 2022 .

118 2060 224 2146 pressi
253 2075 362 2138 erant,
395 2069 485 2122 notas
512 2059 698 2152 perspicuas
729 2043 868 2140 dedisse,
901 2069 990 2122 cetto
1018 2079 1191 2176 possumus
1229 2093 1232 2101 ,

119 2167 290 2250 conjicere.
339 2150 412 2252 Nec
439 2164 516 2228 liaeo
537 2161 615 2233 fallit
636 2169 836 2254 conjectura3
867 2163 984 2263 atlsunt
1006 2163 1093 2227 euim
1117 2165 1190 2228 satis
1254 2167 1265 2174 ’

121 2277 209 2339 certa
231 2267 338 2332 aetatis
360 2237 480 2334 libri
455 2279 546 2354 signa
566 2266 660 2332 haec:

208 2485 237 2544 1.
262 2473 312 2539 Ut
329 2472 368 2537 iu'
382 2471 468 2550 ,libro
486 2475 628 2559 Danielis
648 2493 679 2541 et
698 2475 865 2556 Henocat,
897 2475 1029 2560 quinam
1056 2475 1191 2561 tyranni
1217 2481 1220 2495 ’

120 2599 243 2666 poenas
263 2590 449 2651 mercantur
476 2582 697 2668 gravissimas,
708 2580 891 2670 paullatirti
913 2581 1046 2652 demum
1068 2571 1192 2644 'ditaci-

121 2683 198 2748 dius
225 2681 400 2786 detegitur,
445 2685 492 2750 sic
524 2687 741 2776 Apocalypsis
775 2689 921 2752 consulto
955 2685 1124 2792 tyrannis
1138 2685 1193 2748 diu
1210 2694 1230 2720 ·'

120 2787 311 2874 gravissima
341 2809 484 2876 quaeque
511 2795 670 2874 minatur,
702 2791 804 2860 donec
831 2789 962 2855 tandem
992 2791 1093 2874 magis
1115 2811 1195 2876 per

122 2894 248 2979 spicue,
281 2893 430 2985 quinam
442 2896 531 2976 sint,
557 2897 719 2962 doceatur.
775 2893 863 2962 Nain
894 2906 1068 2980 postquam
1102 2907 1215 2966 o..13¹

120 2995 295 3074 Romanos¹
320 2997 541 3088 intelligendos
578 3003 820 3088 Imperatores,
862 2999 1032 3088 Neronem
1057 2999 1196 3086 ,potissi-

121 3125 235 3183 mum,
266 3101 433 3188 obscurius
463 3103 676 3191 significatum
704 3115 790 3186 erat,
825 3125 853 3168 c.
867 3113 917 3175 17.
940 3101 1075 3166 demutn'
1102 3107 1215 3166 notae'

122 3221 191 3274 tam
216 3203 366 3292 Neronis
392 3219 638 3298 ceterorumque
655 3245 656 3270 2
674 3213 913 3296 Imperatorum
948 3229 1042 3294 quam
1069 3208 1196 3272 Romae
1293 3237 1295 3243 ·
1326 3289 1333 3308 x

85 3315 223 3390 Durbis,
241 3309 423 3380 atteruntur
452 3312 656 3380 certissimae.
708 3314 861 3380 Emicant
880 3313 932 3375 tto
953 3313 1056 3376 mirae
1077 3311 1196 3376 crude·

122 3419 219 3502 litatis
241 3431 274 3484 et
293 3419 523 3502 vexationum,
556 3439 634 3504 quas
662 3417 862 3482 Christianos
890 3416 965 3481 dicit
986 3439 1004 3480 a
1024 3417 1196 3504 gentilibus
1221 3421 1224 3429 ’

122 3516 235 3609 passos
265 3541 351 3621 esse,
379 3521 556 3607 specimina
578 3523 651 3587 satis
673 3523 835 3601 multa,
825 3544 860 3586 m
887 3523 1058 3586 Neronem
1088 3521 1198 3586 omnia
1281 3539 1282 3542 ’

123 3627 187 3692 dici
213 3626 385 3714 perspicue
413 3645 508 3689 mons
510 3629 644 3708 trantia3
679 3626 737 3690 sed
769 3625 915 3690 omnium
933 3625 1198 3703 manifestissima
1273 3673 1277 3683 ,

123 3731 314 3816 temporum
344 3729 474 3794 illorum
499 3741 589 3796 uota
544 3710 694 3796 tdatnr
726 3739 841 3810 17‚8-
824 3743 900 3802 -11
959 3731 1124 3796 Dicuntur
1154 3730 1215 3796 ibi*

119 3835 251 3902 'Romae
271 3845 349 3896 esse
361 3845 524 3920 septem
543 3833 788 3919 Imperatores,
801 3855 940 3920 quorum
961 3848 1037 3924 post
1057 3837 1200 3932 quinque

125 3941 238 4026 priore
251 3929 331 4022 sjam
350 3937 488 4025 imperio
505 3951 609 4028 motos
630 3949 742 4002 sextus
763 3935 920 4024 imperem
943 3941 1120 4028 septimum
1139 3962 1199 4028 pet
1248 3961 1249 3964 ’

125 4043 231 4108 breve
252 4055 381 4128 tantum
401 4055 530 4128 tempus
547 4023 760 4128 regnaturum
782 4066 865 4110 unus
884 4069 927 4110 ex
946 4045 1088 4132 quinque
1106 4049 1230 4135 prio-

126 4147 236 4242 ribus,
268 4149 321 4232 qui
344 4121 432 4234 itlem
454 4157 570 4212 octavo
602 4145 702 4211 loco
694 4163 846 4233 imperet,
879 4163 1047 4218 secuturus
1069 4152 1223 4236 sistitur.
1289 4181 1292 4198 ·
