2774 4688
1136 183 1144 220 l

244 329 322 408 290
368 316 412 388 11.
433 314 607 390 visiones.
638 279 749 409 1-11.='2.
775 316 814 385 o.
831 327 864 402 2·
889 316 975 410 cap.
994 265 1060 404 ¹19,
1080 327 1248 396 11-13,

330 511 362 572 2.
392 509 442 582 19,
465 511 602 571 11-21.
635 495 776 564 Proinde
794 497 934 563 Messius
953 519 1026 564 cum
1048 499 1167 582 selecto
1192 499 1332 583 piorum

244 587 374 668 agmine
407 585 578 652 descensus
600 587 637 650 iu
659 597 778 651 terram
802 608 837 650 se
859 585 945 669 uitur
964 583 1006 658 ad
1023 578 1278 650 Antichristum
1301 598 1333 647 et

245 669 582 756 Pseudopropheteru,
620 670 701 734 duos
731 675 816 736 inter
874 671 999 735 omines
1014 671 1143 734 ·hostes
1161 691 1331 732 ¹summos

247 759 311 822 hoc
333 757 405 820 solo
427 758 552 820 victore
572 757 711 838 dignos,
743 737 948 843 reflquosque
969 767 1126 842 quotquot
1146 769 1334 845 supersunt

248 843 372 928 impios
399 842 620 928 profligandos
649 863 815 930 poenaque
845 844 961 905 merita
988 839 1176 932 plectendos
1199 842 1333 902 ultima.

249 929 312 990 Ubi
333 928 454 990 inultus
474 940 523 990 est
544 939 635 992 vates
654 931 691 992 in
710 927 878 1015 splendida
898 929 931 991 e't
950 935 1083 1008 augusta
1107 947 1169 1012 qua
1186 925 1333 990 Messias

254 1037 327 1078 cum
353 1014 529 1097 comitibus¹
554 1025 686 1099 apparet
705 1009 809 1077 farina
830 1011 1053 1087 describenda3
1072 1009 1196 1097 ‘ipsam
1214 1025 1334 1076 contra

250 1095 392 1184 pugnam
431 1100 619 1160 brevissime
661 1099 802 1163 delineat
818 1098 930 1186 ‘idque
953 1091 1147 1246 'qptissimffi
1193 1111 1232 1158 ut
1263 1119 1335 1158 uuo

141 1243 146 1250 .
212 1243 225 1256 ,
250 1196 415 1263 tuomento
435 1183 637 1248 adversarios
657 1187 707 1248 rei
724 1185 917 1252 christianae
934 1184 969 1248 in
985 1183 1166 1247 estissimos
1187 1194 1226 1244 et
1248 1183 1334 1243 ulti·

242 1291 324 1334 mos
344 1261 427 1332 tanti
452 1271 572 1332 victori
596 1269 800 1333 succumbere
818 1272 981 1333 innuatur.
1030 1268 1131 1332 Visio
1155 1269 1242 1332 haec
1266 1269 1334 1330 ite-

252 1377 324 1420 rum
343 1355 380 1418 in
400 1365 466 1417 tres
484 1356 628 1418 ruinoces
649 1354 755 1420 divisa
774 1365 841 1420 est:

336 1550 369 1633 1)
391 1574 424 1615 v.
440 1557 577 1622 11-16.
600 1548 740 1616 Messiae
762 1573 833 1614 cum
846 1549 961 1614 selecta
979 1551 1114 1615 cohorte
1128 1551 1333 1638 adpugnam

252 1651 413 1704 cruentam
434 1637 636 1700 advenientis
657 1633 809 1738 majestas
823 1639 951 1700 uberius
966 1637 1166 1700 describitur.
1196 1631 1332 1718 Agmerr

131 1751 133 1756 v
253 1725 327 1809 quia
349 1725 484 1786 coelitus
506 1722 689 1800 descendit,
721 1735 812 1786 vates
833 1719 962 1786 coelum
982 1740 1005 1783 a
1030 1731 1145 1786 ertum
1167 1723 1332 1808 conspicit

50 1841 91 1900 ⁴,
180 1868 185 1874 .
252 1801 309 1886 (cf.
331 1809 370 1871 ad
389 1815 419 1886 1,
442 1821 470 1878 1.
492 1819 525 1870 et
544 1819 618 1870 test.
638 1805 722 1872 XII.
751 1805 923 1894 patriarch.
944 1807 980 1868 in
1000 1743 1093 1870 debr.
1113 1807 1184 1870 cod.
1206 1831 1261 1894 ps.
1284 1807 1330 1869 V.

255 1893 295 1956 Τ.
315 1915 348 1978 p·
369 1901 443 1965 545.
464 1893 575 1956 Herm.
597 1893 681 1957 Past.
702 1905 730 1971 1,
752 1907 781 1964 1.
802 1891 886 1956 unde
902 1891 1000 1954 simul
1019 1893 1222 1959 locutionem
1244 1896 1328 1956 hanc

252 1980 365 2065 cuique
385 1999 488 2042 novae
511 1981 633 2040 visioni
655 1981 787 2042 coelesti
808 1979 941 2064 praefigi
961 1997 1058 2064 posse
1080 1982 1205 2066 putet)3
1229 1981 1327 2065 idque
1372 2005 1373 2030 i

186 2061 189 2079 '
253 2063 309 2140 hic
331 2067 463 2126 omnino
484 2063 650 2128 corumode
669 2066 796 2132 inorieri
818 2073 960 2149 poterat,
989 2063 1064 2150 quia
1082 2065 1168 2127 nova
1190 2085 1327 2151 prorsus
1372 2069 1373 2128 ]

253 2152 424 2212 instruitur
452 2171 545 2212 scena
573 2161 606 2211 et
627 2171 687 2237 pro
706 2151 877 2212 coelitibus
906 2169 939 2209 v.
962 2159 1076 2218 1-10.
1096 2171 1215 2232 agmen
1236 2150 1327 2212 liles-

255 2237 320 2296 siae
338 2237 471 2298 ‘coelum
499 2236 625 2320 implet.
678 2233 763 2316 Ergo
795 2234 986 2319 'adspicienti
1048 2235 1113 2298 rius
1145 2237 1326 2322 paullisper

255 2321 479 2406 quiescendum
501 2321 648 2408 oculique
668 2321 836 2390 avertendi
858 2330 958 2381 erant.
1041 2341 1136 2400 gmen
1157 2325 1253 2408 equis
1274 2326 1325 2386 in-

255 2405 355 2483 sidet,
385 2417 420 2466 ut
444 2408 600 2493 equitatus
622 2408 755 2469 omnino
779 2402 896 2467 fortior
916 2416 966 2466 est
985 2407 1209 2494 nobiliorque,
1234 2403 1276 2469 cf.
1296 2418 1324 2483 9,

255 2497 308 2560 16.
334 2495 382 2562 14,
401 2501 461 2561 2ος
489 2489 687 2578 illessiaeque
708 2513 807 2578 equus
833 2485 1005 2554 condidus
1026 2503 1094 2569 est,
1124 2505 1160 2554 ut
1179 2492 1275 2556 ducis
1295 2505 1325 2556 ct

147 2621 150 2636 .
256 2577 406 2651 victoris,
426 2571 470 2637 cf.
489 2597 587 2662 supra
606 2579 647 2640 ad
661 2584 690 2653 6,
704 2589 736 2647 2.
758 2587 828 2640 not.
870 2573 983 2660 Ipsum
1000 2585 1106 2640 temen
1120 2573 1189 2675 ejus
1204 2602 1324 2643 nornen
1372 2583 1373 2648 i

255 2662 329 2746 quia
350 2663 418 2736 vati
440 2665 482 2723 ob
502 2683 610 2724 causas
633 2665 759 2748 saepius
780 2661 880 2724 dictas
900 2670 1002 2722 tacere
1022 2669 1130 2726 visum
1148 2676 1207 2742 cst,
1231 2687 1324 2750 prae·
1372 2673 1373 2690 ¹

65 2747 67 2759 ¹
144 2775 147 2780 ·
255 2749 358 2808 dicata
378 2750 488 2832 potius
509 2761 702 2834 sequuntur,
733 2749 887 2836 equibus
908 2744 990 2806 illud
1009 2747 1190 2826 divinetur,
1214 2753 1322 2830 grauia
1372 2787 1373 2790 =

256 2844 289 2894 et
309 2833 372 2893 hoc
393 2833 556 2918 imprimis
578 2834 650 2896 loco
671 2835 847 2920 aptissima.
889 2827 923 2892 Is
942 2843 1010 2909 est,
1038 2836 1095 2920 qui
1116 2829 1322 2920 καλούμενος

182 2905 184 2924 ’
255 2923 418 2990 vocatur,
452 2919 627 2980 celebratur
643 2915 749 3004 fidus
774 2927 807 2982 et
833 2913 957 2991 verus,
974 2973 978 2984 ,
995 2914 1168 3004 promissis
1198 2923 1270 2983 suis
1290 2931 1323 2983 ut
1372 2909 1373 2982 l

257 2999 405 3063 omnibus
425 3003 471 3064 ita
491 3005 568 3065 bmc
587 3005 795 3090 potissimum
812 3004 851 3066 de
864 3001 977 3085 impiis
994 3007 1207 3088 profligandis
1226 3019 1321 3085 stans,
1372 2999 1373 3092 l

255 3099 295 3166 cl.
318 3117 346 3182 1,
365 3111 445 3192 7.,3,
459 3118 490 3176 7.
512 3113 569 3186 14ς
590 3117 625 3170 et
643 3107 705 3196 qui
717 3103 815 3194 juste
836 3088 998 3194 (Πιὶᾜξῖἓ)
1019 3107 1175 3172 decernit
1196 3106 1319 3173 bellot·

217 3209 336 3274 gque,
362 3202 405 3251 ‘ut
434 3195 566 3256 omniuo
596 3187 682 3286 justa
714 3207 838 3258 tantum
865 3193 991 3258 decreta
1019 3206 1052 3256 et
1078 3188 1197 3291 judicia
1218 3200 1320 3274 novit,
1372 3211 1373 3266 ξ

254 3277 301 3334 ita
334 3297 418 3338 nunc
451 3281 549 3342 etiam
571 3271 655 3374 juste
676 3279 797 3342 bellum
816 3280 959 3360 decernit
979 3282 1238 3368 exsequiturque.
1258 3308 1320 3349 rcc-
1372 3273 1373 3320 ³

153 3407 156 3420 .
256 3359 368 3442 λεμεῑ,
396 3363 481 3448 quod
504 3367 650 3428 insolens
670 3379 720 3428 est
742 3365 1132 3450 Messiae'praedicatnm,
1161 3388 1205 3428 ex
1226 3361 1321 3464 hujus

256 3445 398 3507 visionis
420 3469 516 3511 sensu
536 3451 645 3514 fluxit.
685 3449 735 3512 De
747 3454 983 3529 constructione
997 3443 1319 3538 eulodpcvocaci-

256 3529 361 3614 κρίνει
391 3527 433 3593 cf.
455 3556 487 3618 p.
505 3541 568 3612 453
600 3539 642 3598 ob
663 3537 796 3600 verbum
814 3535 988 3600 secundnm
1009 3540 1227 3622 postpositum
1246 3561 1319 3622 par-
1372 3559 1373 3592 t

255 3615 363 3700 ticipii
396 3623 608 3682 constructio*
626 3633 776 3684 mutatur.
813 3657 856 3669 -·
907 3621 954 3682 V·
978 3631 1102 3692 1213·
1131 3621 1333 3712 ‘Descriptio

255 3695 379 3762 sorrnae
392 3723 417 3762 a
438 3695 541 3790 capite
562 3707 679 3792 incipit
698 3703 738 3768 cl.
758 3723 791 3792 p.
809 3709 895 3780 100.’
934 3702 1028 3770 Oculi
1052 3709 1198 3770 flernmm
1221 3711 1317 3772 instar
1372 3729 1373 3764 t

248 3784 378 3848 ,lucidae
406 3781 548 3870 fulgent,
580 3803 616 3853 ut
640 3797 740 3870 1,14.
769 3791 834 3889 jam
863 3789 984 3856 dictum
1009 3803 1078 3869 est,
1109 3789 1203 3879 cap'ut
1221 3798 1316 3858 mulla

256 3869 432 3934 diademata
459 3887 592 3954 ornant,
631 3898 710 3964 quae
739 3874 854 3940 ncultu
883 3875 969 3960 sint,
1003 3878 1077 3964 quia
1091 3875 1233 3942 lllcssias
1258 3901 1315 3942 rex
1372 3879 1373 3908 ³

254 3973 377 4038 regum
399 3969 448 4020 est
469 3981 503 4022 v.
520 3968 580 4037 163
613 3975 720 4026 vatem
744 3961 942 4024 adDevidis
969 3966 1055 4044 regis
1078 3959 1173 4028 unios¹
1202 3965 1315 4028 devicti

254 4059 405 4113 coronam
432 4045 496 4106 sibi
525 4047 725 4132 imponentis
756 4049 942 4134 exemplum
963 4049 1079 4120 QSem.
1095 4043 1225 4128 ’11,’311
1245 4048 1313 4137 (cll.

253 4121 381 4207 1Macc;
403 4138 455 4207 11,
476 4127 542 4218 13.)
573 4133 756 4226 respexisse
778 4156 846 4196 uon
867 4133 999 4219 pul'enn',
1020 4137 1216 4223 ornnirroque
1238 4137 1312 4200 ima-

633 4321 644 4353 i
