2840 4690
715 129 723 164 Ι
755 139 758 151 Ι
1029 95 1037 132 i

274 269 325 344 ΙΙ.
349 257 527 340 Visiones.
578 270 604 340 Ι.
636 233 677 361 2,1
700 283 732 352 1.
784 274 871 370 Cep.
897 277 933 382 6,
959 290 1011 357 1.,
1065 331 1068 338 ,
1105 291 1178 372 149

184 464 218 524 2.
251 437 476 522 Οιηηίὴίιε,ειᾶ
502 458 565 537 ces
583 449 703 519 futuras
726 477 769 518 ex
788 457 873 522 libro
900 457 1014 523 divino
1033 482 1174 543 cognos-

97 538 225 608 cendas,
244 541 307 606 rite
337 542 545 628 praeparatis
563 533 628 638 jam
656 541 788 631 initium
818 545 856 608 fit
885 565 937 608 eas
957 546 1120 634 pandendi
1136 561 1187 613 et·
1224 553 1226 558 ’
1285 588 1300 630 ,ι
1336 617 1342 633 s

98 623 315 691 monsirandi.

184 794 329 858 Primum
351 793 451 876 igitur
472 792 648 856 vindictam
668 792 708 855 de
730 793 840 880 impiis
857 797 1105 866 christianorum
1116 802 1172 867 in·
1259 849 1261 860 ,

95 877 208 950 imicis,
226 881 425 944 „sumendam
455 873 586 976 jamjam
644 880 829 962 roepororr'
856 892 891 945 et
906 905 1016 971 prope
1037 885 1171 950 instare
1227 885 1254 943 ’,

95 965 343 1030 describendum
367 977 445 1028 erat.
505 964 582 1049 Cap.
630 962 754 1028 LVII.
788 965 882 1028 Nihil
900 971 988 1032 enirn
1008 975 1171 1056 praecipi·
1240 987 1244 992 “

59 1107 66 1118 .
96 1063 206 1114 tanter
228 1064 261 1118 et
281 1051 518 1132 incpnsiderate
535 1052 572 1112 iu
593 1061 681 1114 tanta
701 1071 736 1112 re
758 1052 878 1138 talique
897 1055 969 1116 loco
988 1060 1170 1141 peragitur:

94 1138 269 1222 parullatim
302 1137 477 1201 et‘ordine
510 1129 592 1198 'usto
629 1146 661 1198 et
689 1135 772 1198 actio
795 1139 940 1221 procedit
961 1153 992 1202 et
1013 1142 1171 1208 lectorum
1215 1213 1217 1220 ¹

94 1225 225 1296 animus
251 1223 386 1304 erigitur
414 1222 454 1301 ad
475 1158 527 1300 id,
561 1242 624 1308 quo
649 1221 758 1285 omnia
780 1223 973 1298 collineant,
1006 1227 1170 1293 admiran-

81 1308 186 1370 dum.
241 1307 283 1382 Et
313 1318 403 1370 erant
432 1307 646 1391 sanelplura‚
682 1328 761 1394 quae
783 1320 860 1376 ante¹
876 1312 985 1394 ipsum
1008 1314 1169 1378 vindictae

93 1415 170 1459 sese
194 1388 432 1479 manifestantis
452 1391 584 1456 initium
599 1389 679 1452 ¹fieri
704 1413 836 1479 eamque
857 1417 1044 1481 praeparare
1065 1401 1169 1484 aptis-

95 1483 180 1545 sime
210 1479 344 1559 cogitari
375 1491 530 1563 possent,
548 1489 549 1496 ’
570 1477 730 1562 praeludii
760 1480 862 1541 instar
897 1483 951 1542 hic
982 1487 1168 1569 praemissa.

92 1565 288 1650 Priusquam
318 1565 406 1628 enim
435 1564 579 1628 vindicta
606 1563 724 1638 irruat,
756 1569 1061 1630 consururuarus'sit
1082 1573 1168 1634 cala·

91 1654 246 1716 mitaturn
273 1651 339 1736 piis
368 1651 404 1712 in
434 1651 498 1714 fine
525 1647 907 1722 dierum‘tolerandarurn
928 1675 1099 1732 numerus,
1129 1655 1169 1718 ut'

91 1732 254 1836 justitiam
274 1736 472 1823 ‚divinarna
500 1733 644 1826 vindicte
676 1735 879 1798 inunittendo
911 1739 1070 1804 abstinere
1099 1765 1167 1806 non
1229 1779 1233 1784 -

91 1845 194 1909 posse
222 1823 440 1904 intelligatur3
472 1829 636 1894 caveatur,
663 1843 706 1882 ue
727 1820 766 1882 ed
787 1823 932 1886 insontes
952 1827 1047 1888 etiam
1069 1831 1168 1912 quosss
1257 1865 1259 1869 ·

93 1932 158 1994 que
188 1908 331 1987 vindicta
352 1907 410 1967 illa
430 1926 632 1968 communem
652 1917 754 1968 terrae
780 1919 917 1988 stragem
938 1909 1073 1974 afferens
1090 1933 1166 1998 per-

91 1999 200 2076 tingat
220 1997 357 2079 piosque
382 2013 493 2054 ornnes
513 1989 627 2076 perdat
651 2013 771 2054 novam
792 2006 869 2079 post
889 2009 1015 2080 peccata
1035 2010 1067 2058 et
1089 2001 1166 2082 pec-

92 2093 218 2142 catores
249 2081 412 2142 absumtos
440 2079 626 2139 societatem
656 2078 819 2153 irrituros3
860 2101 918 2165 par
946 2103 1071 2168 quoque
1106 2096 1165 2160 est,
1197 2099 1201 2112 ‘

91 2178 129 2228 ut
163 2165 359 2244 horrendam
385 2164 480 2240 istam
513 2161 565 2223 dei
596 2161 773 2226 vindictam
802 2169 910 2228 omina
938 2181 970 2230 et
1025 2167 1166 2256 raeludie

90 2249 408 2337 praeee'dansrerum
430 2261 496 2311 tam
511 2247 722 2330 singularium
737 2253 941 2334 praenuncia.
984 2189 1076 2334 (duae
1093 2256 1166 2342 qui·
1197 2307 1201 2318 .

92 2337 170 2400 dem
202 2335 311 2398 omnia
339 2346 429 2396 vates
458 2333 572 2396 ordine
602 2355 670 2396 non
701 2338 808 2398 minus
840 2339 873 2398 et
902 2359 960 2424 per
981 2361 1014 2402 se
1036 2353 1110 2425 apto
1134 2353 1166 2402 et
1246 2363 1250 2369 ·

92 2425 264 2503 visionum
285 2421 429 2496 omnium
450 2419 551 2482 nexui
572 2419 771 2506 artificioque
792 2417 850 2493 (cf.
869 2421 898 2505 S.
912 2420 1001 2510 Μ.)
1024 2447 1164 2506 congruo

91 2529 194 2595 quam
212 2507 368 2568 brevitate
389 2507 545 2578 concinna
567 2505 613 2566 sic
634 2503 812 2590 disposuit,
846 2520 879 2569 ut
967 2525 970 2536 ¹
1170 2513 1172 2522 ’

180 2631 210 2692 1.
233 2619 375 2706 primum
395 2623 425 2690 6,
450 2627 520 2689 1-8.
550 2615 765 2680 calamitatum
786 2621 870 2682 varii
891 2619 1019 2701 generis
1040 2621 1166 2708 copiam
1209 2656 1220 2676 ι

93 2727 111 2766 a
137 2705 198 2767 deo
220 2715 323 2768 terrae
343 2703 524 2766 immissam
544 2703 646 2765 sistat.
689 2701 905 2790 Quaecunque
925 2706 1013 2768 enirn
1031 2707 1067 2766 in
1082 2719 1165 2768 terra

19 2815 24 2824 a
93 2813 110 2853 e
135 2791 250 2852 divino
271 2788 427 2880 mendato
442 2800 610 2868 geruntur,
633 2808 650 2850 a
671 2791 780 2866 coele,
805 2793 858 2852 ubi
879 2789 1166 2876 priuspouderata
1190 2825 1197 2858 z
1252 2827 1254 2834 ,

46 2901 51 2909 ·
93 2887 170 2938 sunt
199 2886 231 2937 et
251 2875 393 2950 decreta,
423 2873 600 2960 prodeunt3
629 2895 762 2960 eumque
785 2877 894 2956 angeli
914 2877 1068 2939 mundum
1089 2897 1166 2962 per-

91 2973 236 3024 meantes
252 2960 302 3023 'ad
331 2959 478 3024 mandata
503 2960 567 3033 ista
587 2961 789 3046 exsequenda
811 2961 909 3023 adeo
932 2961 1055 3026 dimitti
1073 2963 1165 3042 cogi-

91 3059 217 3124 tentur,
242 3047 380 3108 seriores
409 3053 499 3106 vates
522 3044 650 3128 saepius
670 3043 813 3132 angelos
835 3048 982 3133 pernices
1003 3067 1085 3132 equo
1109 3050 1164 3110 vel

92 3133 202 3194 currui
230 3131 408 3194 insidentes
432 3151 512 3202 ,cum
537 3129 696 3202 mandatis
719 3132 787 3191 illis
810 3154 827 3194 a
851 3135 968 3196 throno
992 3131 1106 3194 divino
1128 3135 1165 3196 in

94 3235 208 3280 omnes
238 3214 352 3280 mundi
381 3215 492 3302 plagas
521 3213 647 3278 dimitti
672 3217 817 3297 snrguntg
851 3212 891 3279 cf.
916 3215 1013 3279 Zach.
1036 3225 1066 3291 6,
1092 3229 1162 3290 1-8.

91 3305 150 3364 ubi
163 3298 433 3390 ‚quantuor‘currus
454 3298 677 3378 dimittuntur,
706 3325 799 3388 quarn
820 3305 983 3379 visionem
1004 3301 1164 3368 Joha'nuis

92 3389 149 3450 hic
170 3390 278 3452 animo
301 3385 432 3450 obviarn
451 3381 552 3450 fuisse
572 3385 659 3449 credi
680 3399 805 3472 potest,
828 3401 860 3450 et
882 3400 909 3464 1,
931 3398 963 3457 8.
985 3397 1016 3460 9.
1039 3389 1093 3447 ubi
1115 3391 1164 3450 si-

92 3475 190 3536 miles
219 3473 258 3534 ad
280 3472 401 3534 solium
420 3469 568 3534 divinum
588 3471 732 3552 redeunt.
786 3469 895 3554 Quare
916 3474 971 3534 hic
992 3496 1063 3547 cum
1085 3495 1165 3558 qua-

92 3571 167 3624 tuor
198 3551 360 3643 prioribus
391 3557 512 3638 sigillis
538 3560 687 3622 reseratis
711 3567 868 3643 ,quotuor
897 3557 1068 3643 equitesla
1089 3559 1163 3623 sede

93 3652 315 3725 augustaeum
336 3641 472 3704 decretis
493 3643 617 3704 divinis
639 3642 817 3728 pendente,
844 3665 978 3706 nurnero
1000 3647 1063 3708 hoc
1084 3667 1164 3731 qua-

91 3742 190 3800 terno
207 3729 326 3816 partim
346 3729 520 3798 secundum
539 3739 645 3794 toturn
670 3730 837 3792 visionum
856 3751 978 3792 nexum
997 3742 1030 3792 et
1049 3727 1164 3792 distri·
1185 3790 1190 3798 ,
1230 3801 1232 3808 ,

92 3817 259 3878 butionem
280 3809 332 3898 (S
350 3825 382 3882 2.
401 3819 449 3904 3.)
474 3814 596 3962 partim
622 3813 661 3891 ad
689 3815 737 3874 rei
759 3816 867 3898 ipsius
889 3815 1063 3898 imaginem
1084 3839 1164 3878 con·
1248 3875 1251 3885 ,

93 3911 204 3982 gruatn
235 3900 418 3984 aptissimo.

91 3983 258 4054 uerendum
275 3995 312 4044 ut
327 3983 450 4046 dimitti
472 3987 670 4066 cogitentur,
696 3985 730 4046 in
749 3993 897 4072 quotuor
910 3984 1022 4047 mundi
1031 3983 1164 4070 plagas
1194 4033 1198 4041 ,

92 4069 135 4132 ita
156 4071 306 4148 evolant,
333 4081 367 4132 ut
388 4081 523 4158 quatuor
547 4071 759 4132 animantium
781 4071 901 4134 solium
923 4064 1072 4132 diu'irnnu
1093 4073 1165 4132 eiu-

503 3901 607 3988 quites
638 3901 726 3960 enim
754 3901 791 3960 h'i
820 3913 955 3986 quatuor
984 3898 1022 3961 iu
1048 3905 1168 3964 'tottam
1205 3954 1208 3966 ,
1262 3935 1265 3942 s
1315 3909 1318 3918 ’
