2840 4690
248 325 327 398 111
427 277 751 424 ’1111111111
801 259 889 404 cap.
913 319 949 398 r,
971 317 1006 394 7·
1030 295 1066 391 ’8.
1090 319 1127 399 1

333 493 379 560 V.
391 504 423 567 7.
449 492 490 558 ln
510 496 578 562 fine
595 493 731 559 attentio
752 491 959 556 ecclesiarum
979 492 1137 570 excitator
1157 500 1247 552 sueta
1263 488 1327 552 illa

251 581 393 652 formula
419 572 438 648 ci
468 586 550 668 ἔχων
572 573 631 654 οὖς
651 577 712 667 qua
731 579 859 666 saepius
879 577 972 640 lesus
993 581 1030 640 in
1049 579 1114 642 fine
1138 579 1328 639 orationum

251 691 321 734 rem
353 666 555 734 auditoribus'
590 666 780 746 diligentius
813 662 1051 748 ponderandam
1080 663 1252 748 reliquerat
1289 671 1354 722 ut.

253 753 370 818 blatth.
393 763 442 826 11,
464 759 516 821 15.
545 743 583 816 'cd
611 751 749 846 πνεῦμα
779 749 971 833 simpliciter
999 752 1045 811 111
1073 750 1218 833 positum
1239 747 1329 808 haud

254 839 349 906 dubie
374 833 523 924 spiritur
542 833 749 921 prophetiae
768 845 832 909 est,
855 855 917 920 quo
941 843 1104 919 correptus
1126 828 1180 916 (cf.
1206 846 1234 908 1,
1258 829 1329 977 103

254 925 419 990 Johannes
441 915 648 982 ormria'haec
669 921 849 1006 perscribit.
909 919 1053 1004 Sequens
1074 911 1093 983 ὁ
1114 917 1215 984 νικῶν
1238 940 1304 1002 quo

144 1037 147 1044 ·
254 1012 292 1074 in
323 1009 470 1094 omnium
499 1006 709 1090 epistolarum
736 1006 801 1108 [inp
827 1016 996 1088 personat,
1030 1025 1099 1066 non
1127 1014 1177 1064 est
1198 1003 1330 1088 purus,

198 1099 202 1110 ¹
249 1120 354 1209 pius,
375 1097 653 1206 quod'forsanex
666 1121 735 1198 syr.
755 1107 806 1191 191
820 1117 904 1178 sumi
921 1115 1045 1202 possit,
1067 1113 1121 1178 sed
1138 1137 1180 1178 ex
1197 1135 1328 1176 summo
1404 1187 1405 1198 χ

256 1233 357 1296 totius
378 1228 486 1317 operis
502 1239 687 1310 argumento
711 1227 878 1316 primaque
899 1228 1134 1310 significatione
1151 1225 1331 1302 victorem,

256 1315 409 1406 pericplis
433 1335 512 1402 quae
532 1312 673 1399 undique
689 1316 853 1378 minantur
873 1337 940 1378 non
955 1317 1226 1390 succumbentem,
1247 1333 1333 1390 con-

235 1409 411 1467 stantem
440 1407 532 1461 notat
559 1393 600 1461 cf.
619 1409 671 1474 21,
694 1406 725 1470 7.
746 1412 777 1471 8.
798 1401 855 1462 ubi
875 1398 987 1467 11011101
1008 1411 1040 1462 et
1061 1395 1197 1466 ἄπιστοι
1219 1419 1330 1483 oppo-

244 1498 388 1552 ¹truntur.
441 1479 602 1575 Arborem
634 1486 741 1558 vitae,
775 1479 866 1582 cujus
894 1481 1033 1549 fructum
1059 1485 1115 1547 hic
1138 1496 1174 1546 ut
1204 1479 1333 1569 partem
1405 1522 1406 1546 1

259 1571 476 1660 praemiorum
497 1569 711 1645 commendat,
739 1573 877 1635 seriores
898 1570 1027 1648 Judaei,
1060 1583 1096 1632 ut
1117 1573 1226 1634 omnia
1249 1591 1331 1656 quae
1405 1601 1406 1608 .

258 1660 351 1746 prius
372 1666 556 1718 terrestrem
578 1653 760 1740 paradisum
781 1667 990 1734 ornaverant,
1018 1657 1055 1720 111
1076 1658 1202 1719 coelum
1222 1667 1332 1718 trans-

258 1743 358 1806 latam
380 1741 506 1826 ibique,
528 1751 565 1800 ut
586 1742 677 1824 prius
697 1741 734 1804 11
754 1752 853 1819 terra,
881 1738 992 1804 medio
1012 1743 1049 1804 in
1070 1739 1167 1804 horto
1188 1731 1332 1804 minori-

212 1831 216 1842 '
259 1832 318 1893 bus
337 1829 501 1908 arboribus
523 1825 657 1912 cinctam
677 1837 846 1911 putarunt,
869 1849 901 1890 v.
923 1848 993 1890 cern
1015 1821 1118 1888 sosius
1136 1827 1332 1912 descriptam

260 1915 297 1979 in
315 1913 438 1986 Enoch.
458 1920 510 1988 31,
533 1916 613 1980 1-5.
635 1914 816 1986 24,’1-11.
837 1924 870 1974 11
893 1934 911 1974 1
936 1957 945 1974 .
967 1912 1152 1992 Scho'ttgen.
1174 1913 1268 1976 adh.
1289 1913 1333 1988 1.;

137 2061 139 2068 ,
262 1997 377 2060 alludit
398 1993 820 2072 1111111011111111111122,
841 2007 872 2068 2.
959 2009 1062 2060 terum
1080 1999 1165 2060 male
1185 2022 1255 2084 μου
1276 1999 1332 2060 hic

218 2151 220 2160 .
261 2097 294 2174 et
314 2094 351 2162 3,
372 2093 444 2155 2.1
474 2080 663 2168 quibusdam
684 2079 847 2148 'omissum
877 2094 927 2146 est
959 2081 1127 2150 Christum
1156 2085 1211 2146 hie
1239 2085 1333 2172 loqui

260 2191 328 2234 non
348 2168 580 2255 reputantibus.
1138 2210 1141 2215 -

344 2319 376 2378 2.
407 2315 439 2381 2.
459 2315 576 2376 8-11.
617 2299 1262 2396 811111111111111111111111111
1288 2305 1334 2368 sit

261 2403 389 2456 veteres
408 2412 475 2453 non
497 2387 672 2466 tradidere,
694 2401 874 2478 statumque
889 2387 958 2488 ejus
980 2415 1022 2456 ex
1041 2395 1101 2456 hac
1117 2405 1240 2457 tantum
1254 2413 1333 2478 per-

262 2478 355 2542 brevi
381 2476 518 2573 epistola
545 2474 799 2554 augurarilicet.
850 2474 1028 2542 Christiani
1048 2481 1095 2540 ibi
1113 2491 1150 2540 ut
1169 2500 1188 2542 e
1209 2499 1335 2564 peupe-

263 2565 352 2627 ribus
377 2571 501 2624 tantum
528 2559 656 2622 collecti
684 2572 790 2638 erant,
820 2559 867 2624 ita
887 2565 982 2648 parvi
1004 2565 1107 2630 habiti
1127 2577 1161 2628 et
1179 2563 1334 2650 despecti,

264 2647 427 2733 imprimis
447 2667 465 2708 a
486 2643 680 2710 ludaeorum
699 2665 862 2728 synagoga
881 2647 960 2712 adeo
982 2651 1112 2725 vexati,
1132 2663 1169 2713 ut
1189 2669 1207 2712 1
1227 2651 1334 2730 magi-

229 2742 238 2787 ='
263 2745 364 2796 stratu
395 2732 484 2794 urbis
516 2731 685 2800 calumniis
713 2731 908 2798 Judaeorum
932 2735 968 2798 in
989 2733 1191 2800 Christianos
1219 2735 1333 2797 effusis

263 2831 354 2884 moto
380 2828 501 2880 'certum
523 2809 589 2910 jam
610 2837 733 2902 poenae
753 2819 957 2885 vinculorum
976 2823 1166 2907 periculum·
1180 2821 1335 2884 immine-

226 2947 229 2955 .
263 2915 324 2984 ret.
367 2899 457 2964 Unde
477 2902 614 2964 miseros
636 2902 714 2978 hos,
732 2925 812 2989 quos
831 2918 1001 2992 paupertas
1022 2919 1214 2993 praetereas
1229 2909 1335 2970 vitio-

264 3011 337 3052 rum
358 2985 558 3050 irritamento
581 2981 742 3064 defendit,
759 2991 882 3052 solatur
902 3003 1026 3065 tantum
1048 3005 1082 3056 et
1101 2993 1238 3056 meliora
1256 3013 1335 3077 spe·

266 3096 337 3138 rare
356 3065 447 3168 jubet
467 3071 643 3138 Johannes.
686 3069 765 3136 Cum
784 3096 842 3150 nec
854 3070 1028 3162 'vituperet
1046 3090 1155 3145 auctor
1177 3079 1334 3144 vitiorum

268 3163 407 3226 maculas
440 3179 499 3232 nec
530 3153 632 3218 felsos
658 3155 805 3221 doctores
834 3158 918 3230 dicat
947 3165 993 3224 ibi
1022 3185 1146 3226 errores
1166 3165 1334 3250 sparsisse,

268 3247 462 3332 interpretes
474 3241 688 3336 Polycarpum
699 3241 859 3308 Johannis
868 3242 1026 3332 Apostoli
1042 3249 1237 3334 discipulum
1260 3251 1336 3335 pie-

267 3342 333 3394 tate
353 3331 516 3410 insignem
533 3329 579 3390 ibi
600 3349 666 3414 ]1111
687 3339 756 3400 tum
775 3331 926 3417 episcopi
941 3355 1074 3406 munere
1095 3330 1241 3407 functum
1260 3357 1334 3398 mo·

198 3471 205 3480 .
268 3437 341 3494 rum
371 3415 512 3477 castitati
543 3415 733 3495 invigilasse
765 3414 915 3496 credunt,
950 3419 1007 3483 sed
1026 3441 1139 3506 parum
1160 3422 1335 3506 probabile,

266 3500 481 3584 Polycarpum
501 3498 607 3561 Marco
628 3497 800 3562 Antonino
821 3499 1189 3587 Imperatoremortuuru
1203 3505 1333 3568 Eusrtt.

268 3584 306 3650 E.
329 3591 359 3662 4,
382 3595 433 3656 15.
453 3582 538 3645 Iren.
567 3581 640 3646 adv.
670 3585 759 3646 haer.
792 3595 823 3661 3,
859 3587 891 3658 3.
934 3593 1100 3672 sexaginta
1133 3593 1208 3676 plus
1240 3603 1333 3654 annis

271 3671 416 3758 episcopi
443 3686 574 3730 munere
600 3687 669 3730 esse
698 3664 852 3734 functum.
873 3705 918 3721 -·-
958 3673 1002 3738 V.
1022 3687 1053 3746 8.
1083 3672 1171 3761 Apte
1201 3678 1335 3738 salutem

189 3807 195 3818 ,
271 3758 350 3819 dicit
367 3753 516 3820 a'Messia
536 3775 662 3840 semper
675 3755 754 3815 vivo
777 3759 833 3840 qui
854 3769 890 3819 ut
909 3759 972 3822 sihi
993 3761 1096 3824 vitam
1117 3761 1274 3840 reddidit,
1291 3764 1335 3823 ita

270 3842 401 3906 asseclis
430 3840 497 3902 suis
528 3840 665 3902 salutem
685 3851 845 3925 praestare
869 3855 901 3906 et
927 3866 983 3924 eos
1009 3849 1165 3912 a.mortis
1180 3829 1353 3934 ,periculo

72 4008 76 4015 f
145 4001 148 4006 ,
270 3919 743 4019 111111111111.1,5.1.
766 3935 816 3996 11.
839 3939 889 3998 rs.
932 3929 979 3994 V.
992 3941 1023 4004 9.
1044 3932 1167 4015 otton
1186 3929 1333 3996 catami-

148 4021 163 4040 ”
271 4019 344 4086 tas,
368 4031 458 4108 quus
480 4011 607 4091 generis
628 4005 728 4074 fuerit
749 4022 781 4072 et
796 4011 879 4076 unde
897 4028 985 4093 orta,
1006 4020 1192 4083 conminus
1206 4017 1335 4100 aliunde

97 4099 105 4113 '
267 4099 481 4184 perspicitur,
514 4116 611 4182 quam
635 4119 690 4161 cur
719 4090 817 4195 hujus
845 4102 1052 4185 potissimum
1073 4105 1225 4168 ecclesiae
1246 4101 1334 4171 chri-
