2774 4688
76 259 81 269 ’
145 299 147 308 v
240 263 318 352 3‘04
367 265 613 350 11.·Vjsiones.
641 263 702 336 ΠΙ.
723 279 756 348 2.
790 267 830 338 Ο.
848 279 882 348 3.
913 268 1085 378 cappo,
1106 281 1262 360 9—ss-

223 453 416 526 ‚traditione
445 463 571 516 tantum
592 450 786 537 scriptorum
817 453 1029 516 hebraeorum
1056 453 1245 516 memoriae
1286 452 1340 516 in—

135 535 139 548 ”
240 543 386 606 haesisse
408 549 543 603 constet.
585 537 621 598 Si
645 549 750 601 tarsen
769 560 851 625 (puae
866 539 1094 602 sitnominurn
1109 539 1207 620 origo
1226 561 1337 625 quae-

241 631 325 692 ritur
349 627 394 688 sic
414 621 617 687 statuendum
638 623 779 710 videtur.
822 619 1004 710 Antiquam
1019 626 1131 710 populi
1152 617 1338 720 cujusdam

242 709 344 780 Asiae
366 711 533 774 interioris
556 711 674 770 remoti
694 726 815 776 nornen
837 704 938 772 fuisse
961 709 1115 794 Magog,
1142 709 1256 794 idque
1281 731 1339 770 so-

241 801 312 862 lum
333 797 403 860 sine
429 793 500 876 G'og
521 787 665 891 adjecto,
686 815 728 856 ex
749 793 830 856 Gen.
855 806 936 870 10,2
959 807 1097 880 apparet.
1139 793 1255 879 quue
1283 817 1338 856 se·

242 887 311 948 rius
335 881 474 944 Hebraei
495 901 567 942 cum
589 901 645 942 sua
666 899 708 942 ex
731 881 858 959 lingua,
880 879 1030 946 erocum
1051 879 1244 960 significare
1272 903 1337 965 pu-

243 982 348 1032 tantes
372 964 485 1030 locum
507 963 599 1050 Gogi
620 967 919 1050 interpretarentur,
940 985 1059 1032 nornen
1079 961 1165 1045 Gogi
1195 967 1336 1028 finxere

166 1054 197 1102 “¹
245 1077 355 1136 regem
379 1053 434 1114 vel
462 1069 553 1128 reges
582 1061 684 1114 terrae
713 1049 843 1131 Magogi
874 1051 1114 1135 vicinarumque
1146 1049 1335 1124 denotare3

201 1181 204 1186 -
243 1153 328 1206 certe
350 1139 396 1202 sia
417 1135 475 1200 ΕΖ.
493 1145 553 1210 38,
575 1146 606 1206 2.
625 1144 656 1204 3.
687 1135 777 1198 locus
799 1135 1041 1220 uitelligepdus.
1094 1131 1335 1198 Aliizdeinde

247 1238 323 1314 post
342 1221 563 1294 Ezechielem,
586 1221 672 1285 inter
693 1243 772 1306 quos
792 1234 825 1283 et
845 1234 955 1284 noster
976 1231 1041 1295 est,
1063 1221 1263 1282 nominibus
1288 1224 1334 1282 sic

247 1313 327 1376 ortis
358 1311 431 1373 lusu
464 1305 602 1393 quodam
629 1308 801 1370 verborum
836 1310 903 1388 (ex
930 1328 993 1392 quo
1023 1307 1096 1370 lusu
1116 1301 1250 1370 Arabes
1276 1309 1332 1368 vel

210 1461 212 1468 ·
243 1408 373 1512 ffb,
396 1407 502 1506 wia
531 1411 649 1500 fecere)
670 1428 707 1478 ut
728 1418 917 1500 synonymis
939 1407 1096 1504 cdpulatis
1130 1418 1170 1482 ad
1206 1437 1331 1481 omnes

244 1509 378 1574 omnino
411 1505 550 1592 populos
578 1514 720 1572 remotos
746 1502 974 1584 significandos
994 1486 1151 1565 usifirnt.
1212 1503 1329 1565 Serius

233 1619 366 1688 'Arabes
390 1617 465 1682 inde
495 1599 626 1701 &effi-⁴9
655 1633 730 1702 ωςῇ·
757 1613 844 1679 Sina
866 1623 900 1678 et
925 1611 1012 1677 Sirra
1032 1635 1167 1701 magna
1204 1621 1329 1693 (terrae

244 1697 437 1805 adjacentes)
460 1695 652 1766 formarunt.
668 1695 717 1750 -'
732 1703 777 1764 V.
798 1709 830 1774 9.
856 1696 1023 1786 'Graphice
1054 1701 1199 1786 populos
1234 1697 1325 1764 feros

243 1816 285 1868 ex
306 1791 431 1871 angulis
453 1799 554 1851 terrae
579 1787 615 1850 in
638 1789 785 1869 regiones
812 1785 985 1870 ampliores
1014 1783 1234 1872 Judaeamque
1267 1787 1325 1848 de-

236 1882 341 1965 nique
363 1887 518 1938 terrarum
537 1871 692 1950 mediam,
714 1875 781 1938 imo
804 1871 858 1934 uel
880 1869 920 1932 ad
941 1873 1033 1950 regni
1055 1871 1172 1946 sedem,
1196 1871 1323 1934 Hiero-

243 1965 380 2045 solyma,
402 1957 614 2046 occupandam
636 1959 745 2022 audaci
766 1958 873 2022 auimo
891 1956 1132 2040 progredientes
1147 1959 1251 2038 fingit
1264 1980 1322 2020 va-

153 2095 157 2103 ·
242 2081 302 2143 res.
345 2063 587 2132 Accenderunt
608 2053 825 2149 (ἀναβαίνειν
844 2042 911 2156 HQ
935 2064 1068 2124 verbum
1086 2065 1265 2146 proprium
1286 2061 1317 2124 de

243 2153 394 2218 Judaearn
413 2141 646 2232 accedentibus)
668 2146 705 2210 in
725 2147 952 2212 latitudinem
968 2157 1083 2210 terrae
1104 2148 1127 2209 i.
1143 2169 1172 2214 e.
1196 2149 1236 2210 in
1254 2157 1319 2209 ter-

244 2261 314 2324 ram
336 2257 396 2323 qua
417 2237 480 2298 late
502 2245 591 2319 patet
610 2232 704 2316 (Hah.
728 2245 756 2310 1,
778 2231 830 2319 6),
863 2232 1015 2298 iudaeam
1047 2253 1159 2294 versus
1179 2253 1319 2317 progre-

244 2327 380 2406 dientes
393 2333 549 2384 terrarum
570 2319 769 2382 altissimam.
817 2318 888 2382 Imo
916 2319 973 2382 uel
994 2321 1065 2422 ipsa
1085 2316 1317 2399 Hierosolyma

244 2409 414 2477 obsidione
432 2408 581 2484 cingunt,
605 2401 788 2468 castellum
810 2401 1041 2491 (παρεμβολη,
1073 2403 1164 2465 locus
1186 2406 1240 2464 cui
1262 2427 1316 2466 co-

242 2497 316 2583 piae
337 2495 564 2580 imponuntur,
585 2491 701 2563 statio,
725 2483 838 2576 castra)
859 2498 1076 2564 sanctorum,
1101 2489 1159 2574 qui
1186 2491 1317 2574 quinam

274 2593 311 2644 nt
330 2579 374 2642 'ex
394 2600 426 2640 v.
448 2583 480 2644 6.
500 2575 554 2638 cll.
578 2585 628 2650 11,
649 2583 690 2646 13
710 2575 819 2661 ibique
851 2587 921 2639 not.
953 2585 1099 2659 apparet,
1131 2568 1315 2661 urbemque

244 2605 306 2730 deo
329 2671 505 2740 amatam3
526 2651 950 2746 ipsius'Hierosolymorum
970 2659 1113 2722 nominis
1132 2658 1188 2719 hic
1215 2663 1315 2722 omis-

243 2754 273 2814 si
294 2770 419 2813 causam
439 2767 550 2819 veram
580 2745 692 2821 ad11,
712 2757 744 2815 8.
774 2758 807 2810 et
832 2747 911 2810 aiibi
942 2747 1067 2830 saepius
1087 2742 1309 2808 indicavimus.

238 2835 308 2911 ,Sed
329 2837 392 2896 huc
412 2853 511 2918 usque
531 2832 586 2894 ubi
608 2830 735 2908 audacia
762 2851 874 2894 eorum
905 2831 1061 2917 processit
1086 2824 1229 2906 nefaria,
1263 2831 1311 2894 dei

243 2919 383 2986 vindicis
404 2939 509 3002 poena
528 2911 612 3012 justa
632 2918 802 3002 inopinato
826 2916 992 2980 coercendi
1013 2925 1104 2992 sunt3
1134 2917 1223 2995 ignis
1248 2917 1312 2996 igi-

245 3020 297 3070 tur
318 3004 452 3068 coelitus
474 3002 646 3078 demissus,
669 3024 732 3088 quo
750 3002 826 3065 deus
846 3002 986 3072 Sodoma
1007 3001 1126 3077 evertit
1158 2997 1240 3069 Gen.
1263 3012 1311 3078 19,

244 3105 281 3156 ut
302 3094 339 3154 ab
361 3087 418 3154 Er.
439 3097 490 3166 39,
512 3094 543 3156 6.
564 3097 616 3162 38,
637 3096 677 3159 22
712 3088 765 3149 cll.
797 3087 862 3150 Jes.
894 3099 946 3166 29,
975 3095 1005 3157 6.
1033 3086 1221 3171 adpopuli
1250 3085 1308 3149 deo

242 3178 345 3241 sancti
366 3173 500 3236 tutelam
521 3171 667 3234 adhiberi
687 3173 838 3254 smgitur,
869 3173 916 3236 ita
951 3195 969 3236 a
990 3183 1064 3234 vate
1085 3190 1197 3232 nostro
1216 3167 1308 3268 hujus

244 3261 382 3344 vestigia
403 3261 548 3339 legente,
571 3253 610 3319 cf.
628 3278 723 3343 supra
744 3271 774 3336 8,
797 3269 829 3330 7.
852 3269 902 3335 11,
919 3267 950 3344 5.
973 3269 1022 3334 13,
1045 3265 1095 3327 13.
1117 3253 1171 3344 pe
1185 3269 1308 3343 tempo-

183 3373 185 3380 ‘
244 3351 290 3412 ris
313 3343 412 3408 futuri
435 3355 467 3406 et
487 3342 653 3430 praeteriti
673 3345 815 3408 mixtura
839 3365 870 3406 v·
890 3353 997 3414 7-10
1025 3337 1066 3404 cf.
1088 3362 1120 3424 p.
1145 3353 1196 3413 13.
1225 3357 1307 3406 vates

245 3433 308 3498 sibi
330 3433 366 3508 in
387 3431 515 3492 visione
537 3428 714 3490 exercitum
746 3423 811 3526 jam
833 3430 1041 3514 Satanamque
1070 3429 1193 3492 victum
1223 3431 1306 3490 obla-

244 3527 314 3584 tum
330 3517 449 3598 ¹fingit,
486 3525 657 3600 postquam
688 3517 701 3574 i
727 3536 763 3577 so
794 3515 887 3580 mille
919 3536 1076 3577 annorum
1099 3518 1204 3600 §patio
1225 3528 1306 3595 gesta

243 3607 309 3692 ipsi
333 3601 494 3688 praedicta
513 3599 589 3663 sint.
610 3633 654 3646 -·
715 3643 724 3661 .
744 3611 794 3670 10.
816 3601 1066 3682 Satanas'igitur
1093 3614 1168 3690 Jure
1189 3621 1304 3664 summo

244 3687 281 3754 in
308 3701 471 3752 aeternum
499 3684 681 3769 puniendus
702 3679 906 3748 Antichristo
939 3695 971 3746 et
1001 3683 1304 3772 Pseudoprophetas,

164 3797 167 3806 ’
245 3796 324 3862 quos
346 3775 450 3836 socios
471 3769 533 3832 sibi
554 3771 591 3834 in
618 3781 702 3833 terra
722 3766 925 3872 adjunxerat,
956 3762 993 3834 in
1024 3763 1104 3834 Orco
1140 3775 1303 3853 associatur

245 3859 287 3925 cs.
310 3870 359 3938 19,
376 3870 430 3932 20.
502 3881 505 3893 ·
548 3867 551 3874 '

327 4032 363 4114 3)
385 4031 574 4110 viii—15·
595 4021 727 4116 Jamque
748 4035 823 4112 post
839 4027 974 4090 ultimos
994 4021 1096 4090 terrae
1118 4023 1238 4119 impios
1255 4047 1300 4088 rc-

242 4114 373 4195 inotos,
411 4115 483 4178 curri
517 4112 614 4175 simul
635 4116 808 4180 'antrorum
837 4111 950 4182 mundi
980 4113 1086 4196 cyclus
1117 4113 1228 4176 finitus
1254 4113 1299 4186 sit,
