2840 4690
271 325 346 412 116
419 351 420 356 Ν
471 326 497 398 1.
523 321 778 398 Prooemtum:
833 321 1044 418 capam.
1073 333 1131 406 13.

18 571 19 580 ,
206 569 207 573 ,
244 533 247 538 ·
271 511 353 580 Gen.
369 523 421 592 22,
440 512 474 584 ’1.
498 509 561 576 Ex.
581 517 631 590 16,
651 515 683 584 4.
704 509 768 573 lac.
786 519 814 588 1,
836 519 867 580 2.
887 519 919 580 3.
940 506 1036 574 Rom.
1050 515 1082 590 5,
1103 516 1175 580 3-5.
1217 507 1347 572 Simul-

53 617 58 635 ·
146 633 150 652 ›
262 621 332 690 que
353 600 463 664 solatii
484 619 574 662 causa
595 598 785 662 vexationes
812 595 871 658 has
899 617 957 683 per
985 593 1084 661 breve
1109 606 1234 659 tanturn
1256 607 1347 659 tern-

253 751 255 758 .
269 727 330 792 pus
359 701 436 793 (nil-
451 705 539 769 enim
568 701 754 768 distinctius
780 701 920 766 innuunt
944 699 1059 764 decem
1085 698 1177 774 dies,
1204 713 1240 763 ut
1263 689 1348 789 'titrssj

16 801 19 864 ζ
72 787 93 852 st
181 826 182 832 .
268 789 416 870 Gen.24‚
438 798 491 860 55.
512 789 595 862 Dan,
612 801 640 868 1,
665 792 733 866 14.,
766 782 835 852 sere
856 799 892 848 ut
913 787 991 850 alibi
1012 781 1154 873 septem)
1176 787 1348 851 duraturas

16 871 17 888 ¹
174 921 180 930 -
220 861 223 872 .
269 899 326 940 eos
347 866 592 969 sperare'jubet.
638 872 776 942 Deinde
797 871 836 936 ed
858 873 1117 940 cohortationem
1138 894 1345 959 progressus,

268 963 415 1050 quamvis
446 984 515 1026 non
538 961 668 1023 vincula
692 970 833 1036 tantum,
867 959 924 1022 sed
942 978 1033 1022 moro
1051 955 1149 1020 etiarn
1169 959 1346 1042 roligionis

267 1047 402 1114 tuendae
423 1067 515 1109 causa
538 1044 699 1108 subeunda
719 1055 802 1108 esset
818 1039 907 1135 (ἄχρι
920 1032 1079 1110 θανάτου
1097 1039 1139 1106 cf.
1150 1043 1238 1108 Phil.
1248 1055 1282 1132 2,
1297 1039 1344 1128 8),

212 1203 218 1208 ,
258 1130 364 1198 ¹iidem
395 1133 437 1194 iis
466 1130 655 1196 servandam
676 1142 801 1206 censet,
831 1151 873 1192 ne
893 1129 1047 1216 praemiis
1068 1125 1234 1214 (coronis,
1256 1133 1343 1194 ima-

265 1221 342 1300 gine
364 1239 382 1282 e
403 1217 488 1280 ludis
509 1217 631 1298 graecis
653 1215 786 1278 deducta
806 1213 916 1292 Jac.1‚
935 1224 986 1286 12.
1010 1211 1167 1288 tPetr.5,
1190 1220 1221 1286 4.
1245 1213 1288 1279 cf.
1303 1215 1343 1279 ad

235 1358 238 1368 .
265 1309 297 1378 1,
319 1312 350 1376 4.
372 1299 473 1384 infra)
500 1301 626 1366 futurae
654 1301 767 1364 salutis
795 1322 852 1364 sua
876 1300 1025 1386 ipsorum
1046 1299 1139 1384 culpa
1156 1303 1341 1386 priventur.

265 1389 395 1464 Vitas.
417 1382 440 1474 ἡ
459 1379 521 1474 ζωή
542 1389 597 1451 vel
618 1383 791 1450 dilucidius
812 1379 835 1472 ἡ
855 1379 917 1472 ζωή
933 1380 1067 1464 αἰώνιος
1084 1405 1127 1448 ex
1140 1383 1340 1451 ludaeorum

245 1467 346 1538 circa
376 1476 473 1537 istam
504 1485 639 1545 aetatem
660 1473 816 1558 opinione
838 1473 906 1532 vita
927 1481 976 1533 est
1023 1470 1130 1534 iorum
1151 1484 1228 1558 post
1247 1467 1340 1569 judi-

263 1563 348 1626 cium
379 1560 419 1622 de
450 1561 598 1622 omnibus
617 1558 806 1622 hominibus
828 1577 846 1618 a
865 1553 983 1618 Messio
1032 1557 1154 1620 abitum
1173 1559 1210 1622 in
1231 1571 1339 1623 aeter·
1388 1559 1390 1566 ’

261 1669 340 1709 nmn
367 1648 475 1720 heata3
503 1665 577 1710 nam
605 1645 656 1744 pii
675 1654 800 1708 tantum
823 1638 941 1728 vivent
962 1661 1018 1704 seu
1039 1641 1108 1704 vita
1122 1665 1197 1706 ,sua¹
1210 1657 1243 1706 et
1264 1647 1338 1709 luce

260 1716 397 1812 gnudere
417 1742 586 1816 poterunt3
613 1730 709 1818 rmpii
736 1751 754 1792 a
774 1727 909 1790 Tartaro
932 1724 971 1786 ad
991 1720 1147 1819 judicium
1167 1734 1337 1794 convocati

252 1821 294 1880 ¹et
315 1819 351 1880 in
373 1815 549 1890 Tartarum
561 1816 679 1878 iterum
700 1813 822 1878 detrusi
845 1813 946 1873 vitam
967 1813 1094 1874 trahent
1114 1807 1281 1880 infelicem
1303 1831 1336 1881 et

259 1914 365 1964 morte
395 1893 560 1994 pejorem,
589 1921 669 1987 quae
689 1899 827 1987 proinde
850 1889 868 1962 ὁ
889 1887 1044 1988 θάνατος
1065 1891 1082 1963 d
1107 1891 1256 1989 δεύτερος
1278 1905 1333 1966 vel

263 1980 396 2062 αἰώνιος
416 1983 533 2048 dieitur
554 1979 596 2048 cf.
612 1981 695 2048 Dan.
714 1997 768 2063 12,
789 1998 820 2058 2.
842 1980 964 2044 Wetst.
986 1981 1025 2044 ad
1046 1983 1080 2044 h.
1097 1985 1121 2046 l.
1162 1981 1272 2074 Atque
1290 1991 1335 2052 ita

260 2085 292 2135 et
313 2065 375 2158 ζωὴ
404 2071 483 2136 bene
507 2070 683 2156 respondet
709 2071 754 2160 τῷ
779 2059 921 2154 boroista
947 2067 991 2154 τῷ
1015 2066 1151 2158 δευτέρῳ
1178 2095 1210 2135 v.
1228 2086 1280 2144 11.
1301 2087 1334 2138 et

248 2158 375 2234 &allusio
398 2155 520 2242 duplex
541 2157 723 2220 instituitur
742 2167 811 2218 turn
833 2152 1063 2215 ad'introitum
1081 2159 1238 2241 epistolae
1262 2173 1334 2239 v.8.

256 2255 328 2306 torn
350 2243 389 2306 ad
414 2242 558 2305 Paradisi
589 2241 738 2305 coelestis
757 2239 1009 2326 descriptionem
1027 2249 1080 2318 20,
1101 2248 1205 2316 6.14.
1227 2256 1279 2324 21,
1299 2259 1332 2319 8.

257 2331 313 2392 ubi
334 2350 367 2392 v.
389 2339 459 2391 not.
865 2351 874 2382 x
987 2361 992 2368 ·
1132 2351 1135 2358 ·

342 2463 374 2538 3.
401 2471 564 2538 stt-17.
604 2461 644 2528 In
666 2461 906 2550 Pergamena,
927 2461 966 2528 de
987 2457 1077 2564 cujus
1098 2476 1168 2528 ortu
1192 2477 1225 2532 et
1246 2479 1333 2530 statu

254 2545 346 2617 ¹nihil
367 2562 493 2613 veteres
517 2549 673 2635 scriptum
697 2551 794 2612 nobis
815 2546 1032 2638 reliquerunt,
1061 2552 1191 2614 ecclesia
1213 2547 1330 2616 Chris-

145 2637 151 2648 *
258 2637 339 2700 tiani
367 2635 526 2716 egregiam
541 2633 678 2720 'quidem
697 2635 734 2698 in
755 2629 982 2699 venationibus
1006 2659 1023 2699 a
1044 2638 1219 2718 gentilium
1242 2639 1330 2702 ltaud

257 2721 352 2784 dubie
377 2720 408 2802 ¹)
432 2721 666 2806 superstitione
694 2715 848 2806 profectis
874 2724 1087 2787 constantiam
1107 2726 1329 2808 probaverant,

256 2818 353 2870 utne
374 2805 466 2870 caede
490 2805 619 2894 quidem
640 2801 783 2894 Antipae
805 2827 823 2868 a
844 2806 908 2870 fide
929 2807 1105 2874 christiana
1118 2809 1328 2876 deterreren-

227 2961 230 2972 ,
257 2903 325 2968 tur3
357 2903 389 2953 ot
407 2894 548 2972 graviter
569 2891 734 2956 lohannes
757 2891 861 2970 dolet,
891 2893 1228 2983 quod'Nicolaitarum
1250 2898 1327 2982 opi—

252 2972 371 3040 niones
383 2998 549 3062 perversas
561 2977 896 3064 nonrepudiaverant.
918 2977 1093 3064 ρομφαίαν
1112 3001 1144 3042 v.
1155 2993 1183 3057 1,
1194 2987 1244 3052 16.
1266 3003 1328 3044 en-

176 3083 178 3090 ’
257 3084 325 3142 sem
344 3083 398 3126 cur
421 3062 475 3124 hie
495 3059 661 3126 Christum
680 3062 844 3126 vindicem
864 3065 1012 3130 comitari
1027 3067 1142 3145 fingat,
1164 3089 1205 3129 ex
1224 3088 1257 3128 v.
1274 3075 1326 3138 16.

250 3157 400 3234 opponet.
415 3140 459 3194 ’κ
477 3145 524 3210 V.
539 3159 589 3218 13.
612 3139 708 3212 Novi
730 3149 797 3215 noti
818 3163 999 3227 κατοικεῖς,
1016 3147 1065 3218 ,ἰὴ
1086 3171 1192 3236 quam
1209 3149 1324 3236 'impio
1362 3209 1369 3216 .

256 3241 292 3294 et
306 3229 452 3295 inimica
466 3227 549 3295 urbe
562 3230 622 3306 ais,
641 3251 758 3309 nempe
772 3228 832 3296 ubi
847 3230 991 3296 thronus
1004 3231 1158 3298 Satanae
1170 3245 1232 3311 eet,
1246 3259 1324 3324 quae

249 3309 354 3382 iverba
379 3317 531 3380 nonnulli
558 3317 730 3409 praeeunte
753 3314 920 3384 Andreae
952 3341 1067 3382 comm.
1089 3319 1132 3382 ad
1160 3321 1323 3386 idolorum

246 3399 381 3464 ‘cultum‘
398 3397 557 3478 referunt,
584 3402 636 3464 cui
653 3401 823 3486 Pergamus
841 3423 918 3488 pree
940 3405 1057 3468 ceteris
1076 3400 1323 3472 Asiae'urbibus

251 3481 385 3550 ¹stultam
416 3500 556 3552 mentem
576 3487 785 3574 applicuerit,
819 3500 853 3550 ut
875 3488 1045 3555 daemones
1073 3492 1119 3552 ibi
1141 3491 1325 3557 consedisse

250 3569 321 3636 'dici
349 3574 495 3657 possint3
540 3573 597 3634 alii
625 3573 701 3636 inde
729 3573 848 3636 dictum
874 3573 1102 3664 putantquod
1136 3575 1323 3658 Pergamum

256 3653 462 3744 Aesculapii,
491 3659 649 3742 serpentis
676 3681 703 3722 s.
732 3656 894 3722 droconis
914 3655 1034 3748 (qualis
1055 3661 1185 3724 Satanas
1208 3663 1324 3728 dicitur

159 3745 161 3751 '
258 3752 308 3827 12,
331 3737 382 3827 9.)
418 3743 565 3824 symbolo
598 3746 843 3829 repraesentati,
866 3747 969 3810 cultus
990 3748 1179 3810 nobilitavit
1204 3771 1239 3812 v.
1259 3750 1323 3830 Th.
1403 3769 1404 3772 ’

255 3828 395 3902 Hasaeus
415 3830 452 3892 in
468 3827 545 3890 bibl.
567 3825 675 3892 Brem.
685 3825 745 3910 III.
761 3852 793 3917 p.
808 3839 850 3904 93
873 3852 943 3920 sqq.
987 3832 1160 3918 spanhem.
1175 3833 1215 3898 de
1229 3859 1324 3922 prae-

120 4011 132 4040 s
171 4029 174 4046 .
214 3969 223 3982 ἱ
266 3988 456 4057 ''1)‘Judaeos
474 4003 567 4062 aperte
585 3997 708 4060 nominat
724 3993 863 4051 Johanues
887 4001 913 4060 2,
930 4001 957 4055 9.
976 4003 1002 4062 3,
1019 4001 1046 4058 9.
1063 4015 1154 4068 neque
1172 4010 1231 4052 erat
1248 4001 1321 4068 quod

72 4075 78 4081 ·
251 4079 254 4086 ’
289 4077 293 4088 ·
323 4071 423 4118 nomen
447 4071 558 4118 eoruur‘
571 4070 698 4120 reticeret
709 4080 722 4127 3¹
740 4069 779 4116 ita
796 4067 879 4118 torsi
896 4083 999 4120 nomeu
1017 4071 1189 4126 eorum'uon
1207 4071 1321 4142 legatur,

321 4138 467 4205 gentilium
485 4139 646 4191 terrationes
663 4137 786 4206 intelligi
803 4135 946 4205 probabile
965 4143 1010 4192 sit.
1226 4161 1230 4171 ’

531 4393 535 4400 *
562 4383 572 4412 Ι
