2802 4684
261 313 337 387 234
387 301 432 402 Il.¹
451 299 628 372 Visiones.
642 299 715 372 ·Ill.
741 313 778 382 2.
806 299 890 395 Am,
913 311 947 384 3.
968 303 1056 400 Cup.
1078 315 1138 398 13,
1169 309 1343 392 16-—18.

212 505 219 514 ‘
257 495 402 566 tinuare3
429 486 603 574 repelimm
635 485 751 550 deinde
782 478 845 573 τὴν
876 481 990 556 sanim
1018 491 1079 556 uoci
1097 467 1232 576 ‘ababa
1257 495 1345 555 salis

258 586 411 643 excusant
429 575 501 658 loc'a¹
522 567 604 634 Gen·
628 581 659 648 5,
679 585 696 642 1
719 585 777 639 etc.
799 607 843 621 -
864 570 909 636 V.
934 582 983 644 16.
1007 585 1058 646 17.
1081 571 1201 642 Omnes
1222 581 1346 641 omnis

258 663 384 728 ordinis
405 655 668 742 fortunarumque
689 658 840 722 homines
862 651 954 746 (eoric
974 685 1065 746 μικρ.
1088 685 1116 728 u.
1135 686 1165 728 s.
1188 687 1274 748 pisy.
1304 665 1345 726 ad

213 771 223 782 ’
256 770 336 834 opes
358 759 392 810 et
411 747 571 808 honorem
593 738 797 807 referendum
826 764 896 808 esse
924 745 1080 809 hebraeus
1109 768 1185 809 usus
1215 759 1255 810 11
1287 771 1345 811 se-

282 834 390 898 uentia
413 831 547 894 nomina
567 826 713 906 docent),
736 851 798 917 quo
814 830 934 894 collum
948 829 1088 896 Neronis
1104 833 1234 918 publice
1254 855 1344 918 pro-

161 943 163 950 ·
257 858 409 982 ineantur
432 935 529 1004 seque
552 907 621 1009 ejus
643 935 756 978 servos
779 936 927 1001 sequaces
955 929 1065 1002 aperto
1084 920 1242 1004 probent,
1275 941 1343 982 no-

258 991 335 1068 inen
366 1006 436 1098 ejus
463 1012 519 1072 aut
549 999 680 1063 dextrae
709 1014 763 1064 aut
796 995 898 1064 fronti
927 1021 1002 1066 suae
1031 1005 1206 1068 inscribere
1246 1006 1344 1086 cogis

256 1087 559 1177 pseudopropheta,
588 1095 624 1148 ut
650 1106 745 1154 nemo
777 1087 843 1149 nisi
869 1107 990 1152 nomen
1020 1089 1084 1151 hoc
1106 1099 1141 1150 ut
1161 1087 1235 1166 dei,
1277 1113 1342 1176 pa·

252 1171 362 1250 111111,
385 1174 510 1236 domiui
532 1191 647 1254 gerens
667 1171 702 1234 in
722 1173 851 1258 publico
868 1193 977 1237 secure
992 1175 1115 1238 versari
1158 1187 1236 1238 ueat
1304 1199 1341 1239 ru

256 1276 321 1350 quo
343 1261 399 1322 hic
421 1258 538 1321 dicitur
559 1247 721 1342 ἀγοράσαι
739 1254 763 1343 ἦ
782 1257 930 1342 πωλῆσαι
957 1278 1068 1322 emere
1096 1197 1156 1322 vei
1180 1281 1250 1322 ven
1303 1282 1341 1324 re

253 1349 279 1412 i.
301 1369 330 1410 e.
351 1339 517 1408 inferum
537 1341 686 1429 prodire,
711 1345 888 1406 necessario
910 1342 949 1406 ad
971 1345 1072 1407 vitam
1115 1346 1342 1430 ropagandam

254 1435 319 1496 sibi
340 1450 543 1518 comparare3
564 1439 601 1490 ut
619 1427 738 1492 similis
758 1429 880 1492 locutio
900 1429 1021 1510 legitur
1049 1441 1067 1500 1
1089 1365 1187 1492 11111.
1207 1440 1267 1508 13,
1296 1437 1338 1504 49

255 1537 436 1606 quanquam
453 1537 525 1578 cum
545 1515 601 1576 ubi
621 1514 662 1578 de
681 1508 825 1576 obsessis
847 1535 952 1579 sermo
975 1515 1020 1577 sit
1041 1527 1260 1579 acommeatu
1281 1517 1337 1580 111-

253 1604 418 1679 111111111,
439 1620 552 1664 sensus
572 1600 721 1662 huonon
740 1595 915 1686 pertinet),·
943 1609 975 1662 st
996 1600 1069 1688 quis
1089 1603 1193 1664 nescit
1212 1613 1336 1682 tyran-

252 1710 370 1752 norum
391 1681 553 1783 adjutores
575 1681 671 1748 facile
693 1704 821 1762 omnes,
852 1687 907 1773 qui
929 1687 1062 1748 arbitrio
1091 1687 1242 1772 ipsorum
1280 1689 1334 1752 in-

247 1769 339 1874 justo
360 1794 474 1860 parere
494 1771 621 1848 nolint,
642 1771 791 1847 civitate,
812 1771 981 1834 securicula
1006 1773 1154 1857 uitaeque
1177 1794 1333 1836 commo-

254 1861 305 1922 dis
337 1861 467 1946 privure
492 1856 616 1944 posse?
659 1855 712 1918 Sic
743 1856 843 1937 igitur
873 1870 910 1919 ut
939 1856 988 1943 pii
1016 1861 1149 1922 nomine
1175 1855 1232 1920 dei
1260 1861 1331 1922 veri

251 1945 433 2009 Messiaeve
454 1945 614 2029 impresso
637 1941 757 2004 muniti
777 1953 852 2004 sunt
873 1938 929 2028 (cf.
951 1951 989 2019 7,
1008 1953 1028 2015 2
1060 1953 1153 2030 atque
1174 1944 1225 2005 ibi
1260 1957 1329 2007 not.

250 2051 285 2117 p.
307 2035 475 2106 161.'162,
496 2040 529 2092 et
549 2040 713 2116 praeterea
735 2025 833 2089 Zaeh.
847 2039 895 2104 13,
918 2023 980 2111 6.),
1001 2029 1045 2090 ila
1062 2029 1158 2114 impii
1179 2028 1328 2092 seducti-

250 2136 313 2204 que
329 2117 462 2179 nomine
483 2109 559 2176 falsi
580 2114 631 2176 sui
652 2111 705 2175 dei
726 2133 781 2176 seu
802 2108 1001 2176 Antichrisli
1020 2115 1179 2199 impresso
1198 2115 1327 2178 discer-

248 2214 384 2278 nuntur,
405 2212 440 2262 ut
461 2196 526 2295 jam
548 2200 583 2262 iii
604 2199 738 2262 ulrimae
757 2219 880 2284 poenae
901 2200 1023 2286 impetu
1054 2212 1190 2264 externo
1225 2203 1325 2263 etiam
1381 2265 1382 2270 ,

248 2286 362 2350 habitu
379 2286 428 2372 pii
449 2285 608 2372 impiique
637 2285 739 2346 simili
769 2280 836 2346 fere
866 2287 992 2348 ratione
1024 2283 1182 2366 distingui
1214 2297 1251 2350 et
1273 2287 1325 2348 di·
1381 2279 1382 2323 1

248 2371 355 2434 soerni
378 2383 512 2456 queant,
533 2391 593 2456 qua
607 2364 847 2454 Aegyptiorum
869 2371 949 2432 olim
971 2381 1003 2433 et
1016 2367 1241 2446 Israelitarum
1264 2371 1324 2434 do-

247 2454 648 2535 lnusExod.12,·7-13.
693 2454 784 2517 Unde
803 2450 889 2518 inira
918 2460 978 2532 14,
1000 2465 1031 2528 9.
1055 2469 1105 2527 11.
1134 2463 1184 2532 16,
1206 2465 1241 2527 2.
1274 2467 1322 2531 19,
1380 2471 1381 2559 q

247 2553 301 2615 20·
322 2549 375 2617 20,
397 2545 427 2612 4.
449 2541 542 2626 pauci
561 2541 613 2600 illi
633 2560 759 2626 semper
780 2539 1037 2620 distinguuntur,
1070 2541 1125 2628 qui
1151 2543 1319 2605 miraculis

156 2703 158 2711 .
246 2625 411 2712 minisque
433 2626 487 2688 bis
507 2646 576 2688 non
596 2623 716 2690 seducti
737 2645 857 2689 nomen
885 2627 949 2689 hoc
982 2627 1045 2688 sibi
1067 2628 1201 2690 inscribi
1236 2628 1321 2690 haud

246 2713 336 2800 passi
363 2723 448 2775 suut.
501 2709 683 2797 seduloque
704 2712 758 2773 hic
778 2731 898 2774 nomeu
918 2733 986 2774 non
1006 2709 1147 2797 sigillo,
1184 2736 1251 2798 quo
1273 2715 1320 2799 pii
1379 2707 1380 2795 1

246 2798 347 2862 simul
373 2796 562 2860 muniuntur
589 2799 714 2884 tutique
744 2807 944 2882 praestantur
976 2795 1020 2883 (7,
1041 2808 1073 2867 2.
1094 2805 1124 2873 9,
1143 2804 1175 2868 4.
1200 2810 1254 2874 14,
1277 2802 1319 2876 1.)

181 2948 184 2956 ,
246 2884 294 2946 im
319 2881 499 2946 rimandum
539 2895 753 2958 memoratur,
796 2883 852 2945 sed
893 2875 1151 2960 inscribendmn'¹
1183 2894 1318 2958 tautum,
1378 2899 1379 2904 ’

245 2966 367 3059 (ponor
384 2969 432 3047 m)
460 2968 566 3030 literis
599 2969 749 3049 singulis.
783 2978 876 3034 ποιεῖ
898 2957 1031 3039 πάντας
1062 2973 1120 3032 ἵνα
1142 2965 1244 3036 δῶσιν
1272 2965 1317 3054 (ut
1378 2955 1379 3033 1

104 3079 109 3092 ·
181 3107 183 3113 .
244 3057 326 3119 bene
378 3053 473 3122 riesb.
501 3075 560 3138 pro
582 3052 681 3144 δῴσῃ)
712 3044 827 3126 αὐτοῖς
850 3045 956 3138 efficit
985 3061 1026 3112 ut
1055 3047 1138 3112 dent
1159 3051 1316 3116 omnibus
1346 3041 1348 3052 ¹

245 3141 270 3202 i.
293 3162 322 3204 e.
344 3150 380 3200 ut
400 3137 492 3200 detur
515 3141 679 3215 omnibus,
717 3139 848 3224 passiva
879 3135 1116 3198 constructione
1133 3139 1257 3200 evitata
1278 3134 1316 3200 cs.

144 3227 145 3236 ’
247 3225 287 3288 ad
310 3225 587 3316 12.1lrp3221.v
616 3224 678 3287 Sed
701 3225 755 3288 hic
776 3225 811 3287 in
834 3222 1000 3284 visionum
1026 3221 1141 3284 harum
1168 3225 1236 3286 fine
1261 3245 1315 3287 va-

245 3322 296 3373 tes
315 3331 385 3372 rem
406 3311 571 3408 subqungit
591 3307 630 3370 ad
656 3311 757 3373 totius
788 3309 897 3394 operis
928 3327 1057 3372 sensum
1090 3309 1315 3394 gravissimam
1376 3343 1377 3364 1

246 3415 342 3482 quam
362 3395 453 3458 nullo
474 3395 542 3456 nisi
562 3394 626 3456 hoc
647 3395 719 3458 loco
739 3395 847 3478 aptius
869 3395 1005 3456 innuere
1022 3393 1124 3456 licuit.
1155 3393 1238 3458 Nam
1248 3418 1316 3458 cum

246 3485 340 3546 draco
362 3481 420 3542 ille
443 3480 513 3564 quis
535 3479 594 3556 sit,
616 3481 694 3544 satis
715 3492 747 3543 et
767 3499 826 3564 per
841 3500 878 3542 se
897 3487 1003 3564 pateat
1024 3489 1057 3540 et
1078 3499 1096 3539 a
1117 3491 1190 3543 vate
1213 3491 1264 3558 13,
1285 3491 1313 3554 9.

157 3587 161 3594 ·
246 3566 371 3636 diserte⁴
388 3563 568 3648 descriptus
585 3566 646 3641 sit,
680 3587 738 3628 nec
769 3567 876 3628 minus
907 3565 1041 3626 alteram
1068 3563 1150 3626 hanc
1177 3566 1314 3630 belluam

155 3729 161 3736 .
245 3647 560 3739 pseudoprophetam
577 3649 758 3730 significare
780 3651 858 3714 satis
879 3647 1056 3711 dilucidum
1067 3651 1110 3710 sit
1122 3646 1314 3738 (cf.p.231),

246 3750 354 3802 conen
376 3735 524 3822 quisnam
544 3733 672 3798 faudem
693 3737 816 3799 belluae
837 3736 958 3822 prioris
981 3745 1144 3811 13,1-8.
1174 3738 1313 3818 imagine
1373 3779 1375 3814 ,

245 3823 391 3908 depictus
411 3823 472 3897 sit,
494 3841 674 3908 quanquam
696 3823 725 3884 is
739 3820 995 3886 Christianorum
1009 3821 1160 3886 inimicus
1181 3825 1313 3885 interra

172 3977 175 3986 ,
245 3908 435 3994 potissimus
456 3916 520 3981 est,
543 3925 668 4002 semper
689 3907 841 3970 lectorem
870 3907 973 3969 adhuc
994 3907 1091 3986 latet3
1122 3909 1240 3972 necin
1263 3930 1312 3970 se-

245 3994 415 4078 quentibus
451 4001 559 4075 aperta
588 4015 657 4090 equs
692 3994 850 4078 reperitur
870 3991 1104 4056 denominatio.
1153 3993 1311 4080 Erantque
1373 4009 1374 4018 ¹

244 4077 329 4139 baud
353 4077 446 4138 dubie
469 4077 537 4138 vali
559 4099 669 4142 causae
691 4081 768 4142 satis
789 4099 1029 4176 graves,·quae
1050 4099 1123 4142 eum
1144 4081 1311 4166 quominus

246 4159 395 4236 Romae,
427 4160 631 4242 Caesarum,
663 4166 717 4226 vel
748 4162 902 4231 Neronis
929 4183 1032 4248 ipsius
1056 4183 1176 4238 nomen
1198 4165 1310 4228 diserte
