2840 4690
363 217 390 318 l.
423 249 665 320 Prooemium.
709 201 817 343 'Cap
840 251 932 338 1‚·‘1·
960 263 1016 330 2:
1161 261 1211 337 87

134 441 277 518 apparet
297 428 334 495 in
353 435 479 498 coelum
500 455 573 497 eum
593 454 711 496 vocans
730 438 811 508 41.
823 444 855 496 et
869 455 927 519 per
942 433 1085 512 singutas
1105 430 1210 496 visio·
1248 469 1254 482 ι

136 519 203 580 'nes
225 539 300 580 eum
320 520 505 595 comitatur,
531 540 709 606 quanquam
730 540 802 580 raro
824 520 947 582 mentio
971 513 1040 616 ejus
1060 518 1106 579 ibi
1127 513 1230 613 111ρῖ-1

132 605 243 679 citur,
277 615 309 666 et
341 602 469 668 tandem
489 607 676 690 ,conspectis
702 605 855 678 omnibus
879 625 958 690 quae
985 602 1210 688 conspicienda

137 700 251 765 eram,
269 689 360 767 ,solus
382 710 455 772 curu
473 689 608 754 dimittit
628 700 680 767 22,
700 697 802 766 6-17;
823 700 958 774 possunt
976 699 1084 752 tarnen
1103 691 1208 752 etalii

141 775 331 858 interpretis
365 795 497 838 munere
534 776 668 840 subinde
694 769 805 855 fungi,
819 829 823 835 .
837 767 999 860 imprimis
1029 795 1136 840 rerum
1155 795 1209 838 re-
1299 774 1300 782 ’

141 857 462 944 praesentandarum,
485 853 560 948 quas
580 862 645 946 ipsi
664 872 795 940 gerunt,
813 861 1015 938 gnarissimi3
1036 871 1068 922 et
1082 861 1119 920 hi
1134 860 1209 946 qui-

143 944 219 1007 dem
239 945 305 1006 suis
324 949 509 1009 muneribus
529 958 567 1009 ct
587 943 1030 1026 nominibus,distinguuntur
1049 955 1084 1005 ut
1106 953 1156 1021 17,
1178 955 1209 1014 1.

142 1041 196 1105 21,
215 1041 263 1106 9.‚
287 1030 379 1091 illius
399 1054 518 1096 nomen
546 1032 583 1094 in
603 1033 769 1094 visionum
789 1032 889 1105 serie,
911 1039 1034 1118 'utpote
1053 1031 1091 1092 ab
1112 1030 1208 1092 initio

142 1117 227 1192 noti,
248 1111 398 1178 reticetur
416 1113 471 1204 (cs.
489 1117 575 1202 λέγει
591 1127 641 1192 19,
659 1126 690 1190 9.
713 1127 764 1193 21,
777 1123 808 1184 5.
828 1115 902 1182 εἶπε
913 1125 965 1190 22,
977 1123 1009 1185 6.
1050 1115 1210 1178 Similiter

142 1201 182 1262 in
201 1199 328 1285 Enochi
349 1203 453 1279 libro,
471 1223 650 1292 quanquam
668 1201 778 1287 plures
797 1201 903 1281 angeli
921 1197 1055 1263 subinde
1066 1197 1226 1283 'Enocho

108 1360 112 1366 ,
141 1287 293 1351 coelestia
304 1298 499 1364 monstrant,
517 1309 598 1350 unus
616 1285 826 1350 tamenUriel
839 1286 978 1372 plurima
1000 1283 1149 1368 ostendit.
1165 1291 1209 1331 ¹-
1235 1333 1238 1337 .

140 1369 189 1434 V.
198 1383 230 1442 2.
248 1370 474 1458 interpretatio
492 1375 654 1458 imprimis
665 1373 702 1435 in
716 1373 880 1435 vocabulis
898 1370 1066 1458 μαρτυρία
1076 1367 1209 1460 χριστοῦ
1292 1399 1301 1424 :

141 1457 207 1520 rite
236 1457 435 1544 explicandis
466 1462 640 1521 vertiturt'
654 1477 735 1544 quae
763 1459 834 1521 tum
864 1477 907 1518 ex
931 1478 989 1520 usu
1011 1452 1214 1546 Apocalypsi,
1271 1535 1275 1546 ι

39 1601 42 1606 .
111 1553 115 1558 “
141 1565 275 1629 prorsus
294 1543 450 1623 singulari
470 1545 595 1606 firmam
615 1541 654 1604 de
670 1543 814 1606 doctrina
832 1541 1006 1604 christiana
1023 1546 1209 1627 persuasio-
1354 1539 1357 1550 '

142 1650 220 1691 nem
226 1623 371 1714 publico
375 1623 593 1714 professione
607 1639 638 1692 et
649 1623 740 1690 factis
754 1628 957 1712 conspicuam
966 1624 1098 1690 denotet
1119 1627 1164 1702 (1,
1177 1634 1209 1698 9.
1252 1624 1274 1706 J
1358 1667 1361 1675 ι

142 1719 175 1790 6,
194 1723 224 1787 9·
248 1724 298 1796 12,
313 1725 372 1782 11·
394 1723 445 1783 17·
469 1723 519 1789 19,
541 1725 592 1783 10·
613 1723 665 1790 20,
686 1717 718 1783 4.
752 1726 935 1812 μαρτυρεῖν
962 1735 1040 1778 τινα
1068 1707 1209 1796 publice

134 1821 302 1914 profiteri
331 1824 513 1895 doctrinam
543 1819 712 1924 alicujus„
733 1819 802 1888 fere
822 1835 859 1886 ut
876 1817 1077 1912 ὁμολογεῖν,
1107 1817 1183 1903 0201
1190 1862 1207 1929 Ι
1271 1857 1278 1916 ;
1353 1879 1356 1890 .

141 1935 185 2001 cf.
213 1939 374 2038 imprimis
394 1933 542 2032 Arabum⁸
558 1950 618 2002 etc.
650 1949 690 2018 311
716 1955 741 2015 g
771 1949 813 2041 ὁὶ
837 1937 1210 2052 ⁸gg„1⁴te.rtor,publica
1238 1985 1255 2012 ¹.

141 2123 249 2165 coram
269 2100 402 2164 testibus
421 2099 603 2196 profiteor,
626 2093 769 2160 unicum
790 2114 862 2160 esse
881 2091 984 2158 deum
1003 2091 1089 2156 unde
1114 2057 1209 2174 3313}

42 2257 45 2265 ’
141 2249 631 2348 pramogPocoeruspec.2h.A.
677 2256 789 2336 .180.)
808 2273 918 2316 sensus
939 2273 1007 2316 esse
1022 2251 1130 2315 debet:
1151 2249 1208 2340 qui
1260 2261 1263 2274 '

134 2343 336 2432 professores
356 2355 408 2411 est
423 2341 625 2420 doctrinam
687 2337 701 2402 i
721 2347 755 2402 et
775 2337 945 2402 christum
967 2338 1033 2413 (ita
1051 2338 1148 2424 loyor
1166 2345 1211 2404 at:

143 2456 215 2495 cum
225 2455 325 2517 μαρτ.
339 2457 367 2521 χ.
383 2424 588 2526 conjungitur
605 2426 721 2488 insola
734 2419 933 2510 Apocalypsi
954 2418 996 2484 cf.
1022 2433 1102 2504 1,,9.
1124 2431 1154 2500 6,
1175 2433 1207 2496 9.
1250 2447 1253 2456 ¹

141 2528 194 2593 20,
214 2523 246 2587 4.
274 2539 334 2602 quo
360 2514 482 2578 Christi
507 2513 642 2576 asseclae
661 2533 679 2573 a
699 2509 827 2572 Judaeis
847 2509 1115 2594 distinguantur),
1150 2508 1228 2594 qui'

140 2605 333 2682 religionem
355 2602 560 2663 christianam
578 2598 704 2683 publice
725 2597 872 2658 confiteri
893 2606 925 2656 et
940 2595 1022 2657 tueri
1041 2615 1111 2656 non
1132 2615 1207 2656 eru-

141 2689 227 2758 buitr
258 2685 343 2772 quod
376 2688 465 2750 enim
492 2698 567 2747 ante
588 2685 696 2746 omnia
716 2681 752 2743 in
773 2681 856 2742 libro
878 2680 940 2740 hoc
959 2677 1206 2754 commendatur,

141 2771 227 2868 quod
256 2775 370 2858 cuique
391 2772 567 2833 christiano
595 2769 806 2853 praecipitur,
836 2776 871 2826 ut
899 2785 940 2826 ne
962 2762 1085 2826 Christi
1115 2763 1207 2843 signa

141 2861 342 2942 relinquant,
360 2854 447 2919 idem
461 2877 478 2916 a
493 2875 527 2917 se
547 2852 814 2932 non'neglectum
834 2859 965 2910 testatur
986 2849 1141 2933 scriptor,
1163 2843 1205 2910 cf.

139 2945 303 3034 imprimis
316 2941 358 3003 a.
376 2951 407 3015 9.
461 2938 553 3024 Quae
577 2938 606 3022 si
627 2958 702 3000 vere
722 2937 767 2998 ita
788 2931 998 3014 intelligenda
1023 2943 1114 3010 sunt,
1145 2929 1206 2995 Jo-

140 3025 264 3092 hannes
292 3029 392 3110 igitur
421 3025 476 3088 hic
504 3023 694 3110 simpliciter
714 3043 748 3084 se
769 3021 918 3082 asseclatu
939 3031 1117 3095 strenuum,
1137 3041 1206 3081 non

140 3109 304 3192 doctorem
333 3111 496 3174 doctrinae
530 3109 736 3175 christianae,
751 3107 918 3182 nominat,
952 3105 1116 3190 sequentia
1143 3097 1238 3170 iiooe'
1287 3147 1297 3164 .

140 3200 246 3280 sitien,
277 3219 357 3284 quae
378 3199 477 3280 vulgo
500 3194 539 3258 ad
561 3194 726 3256 doctorem
739 3211 881 3276 reumque
897 3201 1013 3252 testem
1031 3183 1108 3263 ‘Jesu
1127 3211 1205 3249 ocu-

137 3287 241 3349 latum
259 3280 415 3360 referunt,
442 3283 479 3344 ab
502 3282 672 3356 hocrnexu
691 3286 824 3363 'prorsus
843 3277 949 3337 aliona
969 3285 1060 3351 sunt,
1092 3275 1205 3354 legen·

134 3371 277 3458 dumque
304 3367 376 3430 curia
396 3365 546 3454 plurimis
566 3363 657 3426 codd.
678 3374 710 3426 et
730 3381 831 3427 verss.
850 3355 912 3426 iicet
941 3383 996 3439 τε,
1038 3371 1087 3421 ut
1100 3364 1209 3444 ἐμαρ-Ι

107 3449 260 3542 *cippos
279 3475 372 3518 sensu
395 3456 437 3514 eri
456 3465 565 3514 nostro
587 3469 733 3512 sermone
756 3446 866 3532 paullo
889 3447 1057 3530 irmnutato
1080 3441 1119 3504 ad
1142 3445 1205 3506 hoc

138 3547 238 3607 etiam
259 3534 430 3603 referatur:
460 3533 521 3621 qui
539 3531 721 3619 professus
742 3541 795 3592 est
814 3523 1019 3615 religionem
1039 3525 1206 3594 christi&

137 3649 223 3691 num
244 3633 277 3697 et
304 3623 521 3704 (declaravit)
543 3633 629 3704 quoe
650 3613 758 3693 vidit,
785 3614 929 3678 visiones
959 3610 999 3676 cs.
1019 3604 1152 3699 γράψον
1182 3608 1205 3678 di
1281 3657 1284 3666 ι

137 3715 222 3786 εἶδες
245 3723 273 3785 1,
296 3720 347 3782 19.
386 3697 501 3771 Altera
521 3705 583 3766 ista
603 3701 698 3764 lectio
719 3699 880 3786 quomodo
903 3721 945 3762 ex
964 3695 1044 3762 falsa
1063 3697 1102 3758 de
1123 3717 1206 3782 apo-

138 3799 226 3871 stolo
251 3795 418 3872 iohanne,
441 3793 514 3854 lesu
537 3800 632 3864 teste,
655 3785 813 3870 opinione
835 3786 914 3848 oriri
936 3783 1088 3869 potuerit,
1109 3777 1204 3844 faciie

46 3951 55 3959 ,
122 3893 282 3979 apparet.
331 3879 405 3942 Non
433 3899 515 3959 nego
539 3875 616 3960 alibi
637 3891 763 3962 semper
790 3866 853 3951 (cf.
877 3878 1204 3956 tarnen21‚‘12.se-
1318 3915 1322 3925 ,

208 4070 235 4122 p.
246 4057 299 4114 360
309 4066 371 4120 sqq.
389 4060 538 4116 utrumqne
555 4045 685 4114 angelum
702 4041 822 4095 eundem
840 4039 942 4106 fuisse,
959 4049 1054 4094 contra
1072 4021 1205 4094 Joharinis

209 4141 322 4199 sensum
340 4123 527 4182 demonstrare
545 4113 802 4172 voluisseuidstnr.
