2802 4684
214 389 217 406 Ι
256 291 350 364 170,
432 279 476 348 11.
500 276 675 374 visiones.
721 278 769 358 n.
797 291 829 360 1.
880 279 967 374 cup.
993 275 1029 368 s,
1056 291 1088 360 u.
1112 291 1147 362 3.

160 479 162 487 ’
245 461 376 528 similia
404 461 566 528 vindictae
592 462 730 526 divinae
757 455 823 560 jam
851 459 1037 547 proditurus
1076 465 1168 546 signa
1208 461 1334 551 poenis

251 547 462 636 praecedunt,
484 549 632 614 saeviora
643 551 750 612 timon
762 559 797 610 et
810 549 966 610 crescenti
981 551 1151 636 paullatim
1164 551 1334 614 vindictae

247 657 410 720 congrua,
431 635 478 698 ita
499 637 578 722 quin
600 635 755 696 trechas
776 633 926 697 visiones
941 635 1090 720 praeviae
1109 646 1220 698 rnutuo
1239 659 1335 700 nexu
1367 705 1372 718 ¹

252 721 371 785 intime
396 722 588 784 cohaereant
616 739 713 782 namo
748 718 872 808 poterit
903 718 1050 783 cordatus
1083 723 1234 784 dubitare·
1263 717 1332 798 (cf.
1366 725 1373 738 '

252 828 287 892 p.
298 809 378 884 24).
398 839 442 854 ·-
472 806 519 869 V.
533 820 562 878 1.
597 801 637 868 In
656 801 811 882 silentii,
829 802 913 890 quod
928 805 1041 886 sigillo
1061 813 1200 894 septimo
1221 815 1334 870 tantas

251 892 416 957 vindictae
443 891 574 956 divinae
602 901 808 988 poenusuut
826 893 1036 968 necessarias,
1063 893 1110 955 ita
1129 893 1334 956 miserandas

201 1043 207 1056 ,
253 989 287 1042 st
308 980 472 1042 luctuosas
495 978 682 1042 continente
703 985 843 1038 reserato
864 975 1036 1060 coelicolas
1056 1001 1115 1063 per
1135 977 1252 1041 horam
1272 977 1332 1039 di·-

251 1063 388 1128 midiam
415 1075 521 1140 tenet,
554 1053 725 1126 mantione
748 1061 835 1122 vatis
859 1081 1011 1140 agnoscas
1041 1073 1146 1132 tantus
1174 1063 1332 1126 miserias

252 1169 295 1213 ex
315 1150 425 1214 anirnu
447 1149 589 1213 dolentis
611 1167 742 1210 sensum
762 1157 919 1209 tenerum.
972 1144 1069 1212 Certe
1088 1149 1263 1230 imaginem
1286 1170 1331 1213 ex

250 1235 370 1322 populi
399 1235 437 1299 in
464 1235 589 1320 templo
618 1233 705 1294 inter
725 1229 899 1294 sacerdotis
919 1229 1024 1296 officia
1039 1235 1146 1297 :tacite
1165 1236 1330 1320 precantis

251 1341 348 1386 ruore·
363 1319 441 1384 Luc.
459 1331 551 1400 1,10.
569 1319 746 1381 desumtam
767 1337 838 1380 esse
859 1313 1171 1403 (chonradum
1188 1318 1246 1382 das
1263 1321 1330 1383 alte

125 1449 128 1459 .
217 1435 219 1440 ·
247 1425 284 1470 u.
303 1429 339 1470 n.
361 1405 524 1488 Morgenl.
544 1404 585 1467 Τ.
597 1401 659 1465 VI.
678 1425 712 1488 p·
724 1405 815 1486 211.)
837 1423 910 1466 non.
926 1415 1075 1488 puto.-
1115 1403 1196 1468 Cum
1216 1407 1330 1486 angeli
1394 1477 1395 1492 χ

251 1503 376 1578 septem
409 1488 574 1556 distincti
597 1507 705 1551 coram
732 1489 793 1551 deo
821 1487 983 1552 adstantes
1013 1481 1133 1567 (τούς
1157 1485 1196 1573 ¹)
1223 1483 1328 1568 ἑπτά,
1394 1499 1395 1506 ’

157 1599 160 1608 ·
250 1591 363 1641 contra
386 1585 443 1655 15,
466 1571 510 1662 1.)
530 1575 723 1649 innuantur,
751 1583 845 1636 vates
865 1573 920 1638 hic
939 1574 1073 1656 angelos
1088 1585 1213 1661 septem
1232 1597 1328 1638 sum-

139 1654 145 1663 Χ
250 1685 324 1727 mos
346 1665 503 1726 thronum
525 1660 675 1723 diuinum
694 1679 864 1746 procerum
883 1659 985 1722 instar
1004 1661 1204 1744 persicorum
1230 1659 1327 1741 (Esr.

190 1781 197 1788 ’
249 1758 283 1826 7,
305 1751 372 1832 14.)
394 1748 559 1830 cingentes
577 1745 759 1826 significare
776 1743 926 1822 videtum
953 1745 1009 1832 qui
1029 1767 1208 1833 quanquam
1228 1767 1327 1831 supra

249 1839 291 1912 4,
312 1843 344 1906 5.
371 1833 555 1922 lampadum
593 1833 696 1893 instar
726 1830 883 1893 thronum
922 1830 1163 1894 circumstantes
1201 1831 1326 1918 depicti

250 1929 343 1985 erant
366 1915 423 2000 (cs.
444 1942 477 2006 p.
494 1927 548 1994 39.
566 1921 654 1995 90.),
675 1927 783 1978 tamen
805 1935 860 1977 cur
881 1915 936 1976 hic
957 1926 1109 1980 mutatam
1133 1917 1268 1998 figuram
1291 1930 1325 1979 et
1394 1935 1395 1944 ¹

250 2005 393 2070 officium
419 2001 552 2068 induere
574 2023 593 2064 a
613 2012 687 2064 vate
708 2001 790 2081 fingi
808 2021 877 2064 non
897 2001 1063 2086 potuerint
1081 2021 1149 2065 non
1169 2014 1324 2088 apparet:

212 2131 214 2142 .
248 2090 461 2179 nequeenim
481 2083 567 2152 infra
586 2085 771 2172 lampadum
785 2085 921 2160 istarum
937 2097 1065 2172 ,somam
1082 2087 1188 2168 imago
1204 2089 1326 2152 iterum
1377 2137 1379 2142 2

191 2213 195 2234 .
250 2179 348 2242 obvia
368 2188 428 2242 est.
443 2209 488 2224 -
515 2173 560 2237 V.
571 2184 602 2246 3.
623 2167 678 2236 Ad
695 2171 794 2233 altare
816 2191 945 2233 aureum
966 2173 1111 2235 coeleste·
1126 2193 1221 2256 supra
1233 2180 1270 2250 ·6,
1289 2184 1323 2247 9.

155 2261 186 2318 Η
248 2257 318 2364 jam
348 2271 560 2328 memoratum
593 2256 713 2321 accedit
742 2257 875 2338 angelus
910 2278 983 2320 curu
1020 2277 1117 2320 aureo
1151 2257 1321 2320 thuribulo

86 2439 87 2442 ,
169 2447 171 2452 ,
252 2357 461 2456 (λιβανωτός
489 2365 526 2428 in
552 2359 668 2428 LXX.
692 2359 804 2432 1Ghr.
827 2371 866 2435 9,
886 2369 940 2434 29.
971 2349 1032 2447 pro
1069 2359 1187 2438 thure,
1217 2339 1321 2450 ”3³¹3

250 2451 411 2542 λίβανος,
436 2450 491 2514 hic
512 2448 552 2512 de
570 2443 765 2520 tnuribula,
782 2447 868 2532 quod
881 2445 1081 2534 λιβανωτρίς
1094 2447 1154 2509 uel
1170 2449 1320 2532 trsscwot·

250 2539 303 2614 τίς
324 2538 477 2620 Polyaen.
497 2539 528 2613 4,
548 2543 580 2605 8.
602 2527 832 2614 cf.l{hrynich.
847 2529 1029 2596 distinctius
1046 2531 1165 2595 dictum
1180 2527 1322 2611 fuisset).

249 2621 518 2712 Insequentibus
539 2617 684 2694 dativum
706 2629 780 2691 ταῖς
800 2629 1014 2706 προσευχαῖς,
1041 2617 1097 2704 qui
1119 2617 1323 2679 difficultates

251 2731 357 2775 creare
385 2708 530 2785 videtur,
566 2705 842 2788 multiputarunt
872 2701 937 2764 dici
964 2723 1025 2787 pro
1057 2706 1094 2768 ἐν
1114 2715 1187 2776 ταῖς
1205 2725 1264 2786 tro·
1287 2714 1323 2763 ut

252 2818 370 2860 sensus
391 2797 454 2860 sit:
482 2792 559 2856 dum
579 2788 682 2852 sancti
705 2786 819 2851 omnes
838 2807 948 2872 preces
970 2783 1159 2864 fundebant,
1195 2787 1321 2850 suffitus

243 2881 435 2945 ¹adolebatur
456 2879 551 2942 altari
571 2869 709 2974 injectus
730 2868 773 2936 cf.
793 2871 870 2935 Luc.
886 2884 916 2951 1,
933 2884 984 2944 10.
1028 2865 1091 2934 Sed
1111 2874 1196 2935 hunc
1216 2871 1321 2934 dativi

173 2973 174 2978 ’
250 2987 363 3044 usum,
385 2965 487 3052 epicis
508 2975 541 3028 et
560 2962 704 3048 antiquis
723 2957 932 3044 scriptoribus
956 2957 1111 3022 usitatum
1122 2955 1209 3046 (curn
1218 2955 1322 3021 Grae-

250 3075 361 3118 corum
389 3051 517 3114 dativus
545 3070 564 3112 e
592 3043 754 3111 Sansctito
774 3045 916 3108 locativo
938 3043 1098 3125 originem
1118 3037 1256 3129 trahat),
1285 3045 1321 3108 in
1393 3115 1394 3134 ,

251 3139 292 3212 N.
309 3137 367 3216 T.,
397 3138 519 3222 inquo
542 3136 723 3196 locutiones
743 3140 869 3192 tantum
892 3129 1050 3216 temporis
1071 3149 1127 3214 par
1150 3150 1185 3192 se
1206 3139 1319 3192 notam
1393 3143 1394 3212 j

251 3223 404 3288 habentes
441 3233 478 3284 ut
510 3217 611 3305 ἱκανῷ
640 3205 744 3306 χρόνῳ
775 3210 908 3290 Act-8,
932 3227 983 3286 11.
1013 3212 1090 3276 Luc.
1111 3226 1149 3290 8,
1169 3223 1223 3288 29.
1251 3209 1321 3310 ejus
1393 3229 1394 3272 ;

250 3310 388 3391 vestigia
415 3317 563 3382 servant,
596 3313 628 3366 et
655 3307 691 3364 in
720 3301 783 3360 hoc
803 3299 965 3384 imprimis
985 3300 1106 3384 scripto
1128 3297 1320 3363 difficillime

250 3415 403 3476 agnoscas
412 3415 423 3467 ς,
458 3414 517 3456 nec
538 3387 729 3456 sensusille
750 3383 789 3446 ad
816 3385 902 3448 hunc
925 3385 1033 3447 locum
1057 3383 1135 3446 satis
1164 3393 1215 3446 est
1240 3406 1321 3448 con·
1393 3441 1394 3466 ,

250 3501 357 3564 gruus.
413 3476 536 3558 Igitur,
569 3455 641 3538 cum
668 3469 849 3535 ernendatio
877 3460 938 3542 scic
960 3459 1143 3563 προσευχάέ
1163 3491 1182 3532 a
1202 3465 1319 3532 Grotio
1393 3485 1394 3494 ¹

249 3563 327 3630 aliis
348 3585 387 3628 ue
410 3560 458 3650 (v.
478 3561 648 3626 Bowrrnr
671 3569 704 3620 et
725 3555 888 3620 Sonnnzrr
911 3549 1144 3652 KonJekturen
1163 3555 1241 3616 iiber
1262 3554 1319 3616 das

251 3652 282 3718 N
312 3589 347 3716 iq
373 3649 414 3714 Τ.
429 3645 473 3710 ΙΙ.
494 3669 527 3732 p.
541 3646 638 3724 601.)
668 3652 789 3706 tentata
817 3639 931 3726 procul
961 3637 1058 3702 dubio
1079 3641 1249 3702 temeraria
1267 3643 1319 3718 sit,

250 3760 310 3804 nec
339 3737 447 3800 minus
478 3731 577 3794 Schh't
612 3727 681 3792 enii
713 3723 801 3813 (hor.
828 3727 918 3788 hebr.
950 3733 983 3788 et
1010 3723 1320 3810 talmud.p·1114·)

250 3827 348 3890 verba
368 3823 446 3884 haec
469 3818 520 3882 bis
540 3837 558 3880 e
580 3838 599 3897 g
616 3824 771 3878 assentatu
792 3811 828 3876 in
846 3821 972 3874 textum
989 3807 1160 3895 irrepsisse
1176 3821 1322 3874 statuen-

169 4025 171 4030 .
286 3969 323 4042 1)
341 3969 413 4022 ruale
439 3969 514 4020 euim
541 3969 573 4017 in
596 3959 631 4017 N·
655 3961 690 4040 Τ.
709 3933 865 4024 ¹articulum
891 3953 1045 4008 redundare
1063 3953 1120 4007 -vel
1143 3952 1321 4007 indefinitum

320 4062 430 4125 signare
452 4061 577 4122 putatum
602 4057 660 4108 θεῖς
689 4041 718 4094 id
738 4039 817 4108 ‘quod
842 4039 887 4094 vel
911 4042 941 4094 iu
964 4035 1044 4092 hebr.
1068 4039 1187 4092 articulo
1210 4038 1319 4094 urano

323 4130 409 4192 Sunii,
434 4141 460 4180 Va
479 4128 508 4178 iti
527 4138 568 4189 ΒΓ.
586 4115 663 4172 hebi·
682 4118 784 4182 {10⁵68·
