2802 4684
245 311 321 386 174
379 301 422 382 It
439 297 620 372 »Visiones
675 301 776 394 tan,
805 316 838 382 1.
886 270 1192 416 08881213.

244 486 443 577 pervulgata.
490 461 558 550 Nbs
578 496 687 552 tamen
705 484 838 554 unicum
858 486 944 554 vatis
961 495 1336 572 commentumagnos-

133 633 136 644 ,
161 569 164 576 '
245 593 370 648 omnus,
404 567 461 658 qui
488 593 582 659 quam
611 583 696 634 arcta
725 573 854 636 tertiam
879 573 961 640 hanc
984 573 1147 646 visionem
1165 575 1334 644 secundae

244 667 390 720 annectat
425 656 480 720 vel
514 657 624 743 potius
652 657 745 722 illam
774 657 816 722 ad
848 651 958 756 hujus'
972 650 1149 739 imaginem
1175 662 1334 738 finxerit,

244 744 342 807 verba
364 732 594 830 agnoscitisne
614 743 723 830 μέγας
743 734 919 828 καιόμενοι
940 735 982 818 uie
1003 735 1145 830 λαμπάς
1165 745 1220 809 cll.
1242 741 1329 832 ὄρος

275 828 335 896 a'e
355 817 642 914 neplaoco'poscoc‘
675 849 709 892 v.
729 841 761 909 8.
791 828 870 890 satis
890 839 1093 918 monstrant3
1125 831 1210 896 male
1232 827 1335 898 enim'

244 850 368 978 illurn.
386 913 506 999 aliique
527 914 564 976 in
585 933 666 994 voce¹
678 905 819 1001 λαμπάς
834 913 875 976 ad
889 927 1084 980 cometarum
1097 935 1197 994 genus
1213 915 1330 1002 quod-

245 995 320 1068 dam
349 998 487 1064 Senecae
519 1009 640 1086 quaest.
661 1010 729 1062 nat.
752 1009 782 1076 1,
804 1008 857 1070 15.
876 993 1055 1086 lampades
1076 993 1198 1066 dictum
1218 1001 1331 1064 alludi

267 1083 369 1151 utant.
436 1081 586 1148 Ceterum
611 1083 810 1152 absinthium
843 1085 922 1148 alias
958 1083 1086 1148 Graecis
1117 1079 1140 1171 ἡ
1166 1083 1328 1174 incaene

244 1107 368 1232 lictum
384 1169 448 1250 hoc
469 1169 543 1231 loco
566 1169 713 1234 consulto
735 1181 825 1236 tates
845 1192 943 1242 masc.
962 1165 1079 1242 fecisse
1095 1167 1234 1249 videtur,
1256 1194 1328 1259 quo

245 1255 364 1320 melius
380 1253 465 1318 -voci
486 1245 504 1318 ci
527 1245 884 1342 tnlpvresponderet.
920 1254 970 1318 De
984 1275 1071 1340 aqna
1091 1277 1196 1320 amara
1213 1253 1329 1320 Israe-

244 1342 366 1404 litisin
386 1339 513 1405 deserto
530 1341 684 1417 molesta,
706 1361 775 1406 non
795 1341 934 1418 exitiali,
954 1339 1059 1404 Exod.
1074 1351 1124 1418 15,
1136 1353 1190 1413 23.
1212 1354 1328 1408 vatem

245 1427 406 1508 cogitasse
426 1425 547 1491 teinere
568 1425 717 1488 sumitur.
737 1460 781 1474 -
816 1423 979 1506 Tresjhae
1001 1426 1148 1490 visiones
1169 1435 1328 1514 portenta

246 1511 340 1578 coelo
368 1510 498 1598 delapsa
525 1521 691 1600 terraeque
710 1533 832 1590 noxam
853 1514 977 1576 variam
1001 1507 1176 1576 inferentia
1195 1513 1242 1576 ita
1263 1513 1328 1576 de-

245 1599 438 1685 pinxerant,
468 1609 504 1658 ut
534 1607 625 1660 vates
650 1617 774 1682 poenae
798 1593 1017 1686 Aegyptiacae
1042 1595 1167 1660 cuidam
1187 1600 1327 1680 gravio-

244 1705 314 1748 rem
340 1681 481 1746 additam
505 1683 665 1763 ,fingeretr
702 1676 769 1780 jam
798 1681 836 1748 in
865 1689 995 1772 quarta
1024 1705 1058 1746 v.
1078 1693 1129 1762 12.
1160 1679 1324 1746 tenebrae

188 1839 190 1846 ,
244 1771 368 1854 spissae
400 1769 437 1832 in
469 1769 560 1830 coelo
589 1779 678 1830 ortae
705 1770 857 1833 mortales
884 1759 1074 1852 anba1r1).
1115 1764 1210 1832 Nihil
1231 1769 1323 1832 enim

142 1860 152 1898 ι’
244 1875 325 1918 aevo
358 1853 413 1915 illi
440 1853 522 1916 solis
548 1853 706 1938 lunaeque
730 1848 873 1918 delectus
908 1875 1018 1918 causas
1054 1849 1123 1922 sere
1153 1855 1324 1933 ignoranti

243 1937 413 2010 moestius.
427 1949 461 2004 et
487 1935 702 2025 perniciosius
729 1939 840 2004 visum
862 1935 936 2024 &Sti
956 1961 1101 2024 *curaque
1131 1933 1321 2024 Aegyptios

248 2020 309 2090 'am
337 2023 480 2090 tenebris
506 2019 732 2088 formidolosis
761 2047 890 2110 pressos
922 2047 990 2090 esse
1017 2023 1156 2087 historia
1175 2037 1322 2088 narraret

243 2047 305 2177 lx.
328 2113 388 2187 10,
408 2119 461 2181 21.
483 2119 541 2188 22,
568 2109 679 2195 iraque
709 2121 742 2172 et
772 2111 915 2176 vindicta
935 2111 1049 2176 divina
1068 2111 1132 2174 hoc
1152 2109 1320 2196 imprimis

242 2201 338 2279 signe
360 2195 487 2282 'saepius
509 2194 635 2275 vatibus
656 2193 794 2258 indicata
814 2209 899 2262 esset
926 2195 1045 2276 (Arnas
1064 2203 1096 2274 8,
1118 2205 1149 2268 9.
1170 2194 1238 2258 Jes.
1262 2205 1319 2270 13,
1386 2203 1390 2212 '

198 2327 199 2332 κ
243 2289 328 2362 10.),
349 2282 409 2346 vix
429 2281 508 2344 haec
531 2279 640 2342 omitti
663 2282 809 2370 potuisse
829 2293 927 2370 patet.
969 2279 1073 2366 Igitur
1092 2281 1345 2344 exvisionum'
1399 2289 1400 2323 l

241 2371 356 2452 harum
377 2377 511 2454 quatuor
533 2363 645 2428 indole
672 2377 746 2450 apte
767 2369 803 2432 in
824 2365 913 2432 coelo
935 2371 1008 2448 sol,
1040 2367 1118 2437 luna
1139 2367 1318 2453 stellaeque

241 2451 386 2517 tertiam
414 2447 496 2514 lucis
517 2463 642 2537 partem
663 2452 834 2529 anrittunt,
865 2465 901 2515 nt
922 2452 991 2517 dies
1008 2472 1140 2539 noxque
1159 2451 1196 2515 in
1215 2453 1315 2514 terris

192 2613 195 2622 .
241 2539 413 2610 hominum
433 2537 469 2599 in
492 2557 616 2599 noxam
634 2537 735 2620 triplo
759 2539 1057 2602 sint'obscuriores.
1100 2533 1193 2617 Quae
1209 2557 1317 2622 poena
1398 2605 1399 2617 ,

127 2626 153 2647 ¹*
241 2625 317 2712 quia
345 2643 363 2684 a
391 2620 451 2684 deo
484 2618 577 2682 irato
604 2614 782 2702 infligitur,
813 2624 863 2685 sol
884 2643 1073 2709 percussus
1102 2621 1166 2684 dici
1194 2623 1314 2706 potest,

242 2713 326 2774 sicut
358 2707 438 2770 alibi
458 2702 616 2794 fluvius,
647 2728 741 2794 quern
765 2729 871 2796 poena
899 2709 1011 2772 divina
1036 2708 1114 2786 (etsi
1141 2707 1315 2772 hominurn

217 2835 334 2882 .causa
368 2803 566 2895 infligenda)
602 2812 724 2894 tangit,
766 2831 785 2874 a
819 2809 880 2873 deo
906 2809 1050 2898 percuti
1083 2808 1198 2872 dicitur
1232 2807 1314 2895 ηξῆ
1397 2841 1398 2911 p

241 2898 347 2962 Exod.
365 2905 397 2974 7,
418 2905 472 2968 25.
495 2897 548 2958 cll.
571 2893 685 2959 Hebae.
705 2906 737 2975 3,
757 2908 790 2968 8.
832 2895 984 2984 Patetque
1003 2896 1068 2958 hoc
1087 2897 1150 2979 jam
1167 2905 1213 2958 ‘ex
1233 2916 1313 2979 qna-

241 2996 317 3048 tuor
337 2983 392 3044 his
414 2981 598 3064 visionibus
618 2983 806 3060 illustretis,
835 2981 921 3044 inter
943 2992 1078 3067 quatuor
1102 2983 1219 3062 iterum
1241 2987 1313 3040 tres

241 3069 359 3132 arctius
378 3069 424 3130 ita
445 3061 555 3162 jungi,
588 3078 625 3140 ut
646 3090 709 3130 una
730 3089 909 3154 quanquam
928 3069 1031 3129 tribus
1051 3065 1166 3128 intime
1187 3083 1313 3138 annexa
1396 3105 1397 3128 t

239 3153 416 3236 imaginem
435 3164 544 3214 ternen
564 3152 661 3236 aliam
682 3164 715 3216 et
736 3154 839 3216 tribus
861 3151 975 3216 ceteris
993 3153 1179 3238 oppositam
1193 3149 1311 3230 eligat3

239 3241 275 3304 id
309 3235 394 3326 qnod
426 3238 463 3301 in
488 3235 651 3300 similibus
681 3235 805 3302 duobus
831 3238 996 3303 visionum
1028 3237 1165 3300 nexibus
1191 3241 1312 3313 6,1-8.

238 3332 292 3403 16,
313 3333 386 3398 2-9.
406 3321 494 3388 idem
515 3325 710 3404 observatur.
864 3327 866 3336 '

324 3460 515 3527 Praemissis
542 3465 597 3527 his
625 3463 856 3528 calamitatibus
878 3471 1014 3550 quatuor
1032 3459 1213 3530 minoribus
1235 3479 1310 3540 gra-

240 3549 393 3614 vissimae
413 3553 595 3636 sequuntur¹
608 3560 673 3630 tres
694 3552 839 3614 ultimae.
886 3545 942 3611 Ad
961 3569 1037 3634 quas
1057 3558 1094 3608 ut
1115 3547 1194 3608 satis
1213 3541 1309 3624 digne

83 3690 87 3702 .
194 3645 468 3722 praeparentur
490 3653 617 3713 omnes,
640 3637 769 3699 visione
788 3631 882 3698 brevi
902 3643 933 3712 8,
956 3643 1009 3704 13.
1030 3627 1196 3727 interjecta
1216 3631 1309 3716 aqui·
1394 3633 1395 3662 l

172 3777 174 3782 .
239 3723 305 3784 lam
327 3725 363 3784 in
386 3720 476 3783 coelo
499 3719 607 3782 toedio
629 3721 833 3808 praetervehi
855 3718 1031 3794 videmus,
1045 3729 1110 3780 tres
1131 3718 1205 3779 illas
1227 3716 1308 3776 reli·

101 3827 106 3834 ·
177 3846 182 3854 1
239 3828 316 3894 quas
346 3815 382 3870 ut
414 3805 601 3868 hominibus
630 3803 683 3894 (de
709 3831 836 3874 uouere.
863 3804 920 3870 ἐπὶ
940 3803 1000 3888 τῆς
1018 3804 1099 3888 γῆς,
1138 3800 1306 3875 christ-iani
1393 3813 1394 3898 p

236 3891 382 3957 nominis
403 3890 565 3968 inimicis,
585 3893 760 3974 gentilibus
780 3889 1007 3980 potissimum,
1034 3909 1068 3952 v.
1085 3909 1119 3974 p·
1136 3881 1225 3972 156.)
1246 3907 1306 3948 ex·
1393 3901 1394 3954 l

253 4061 299 4126 ¹1)
316 4045 343 4112 ι’
351 4059 472 4114 tenebris
490 4057 576 4122 812.
596 4065 753 4115 memoratis
771 4061 823 4114 hae
840 4057 987 4120 differunt,
1004 4075 1061 4116 non
1079 4075 1095 4115 e
1114 4033 1203 4112 tarrae
1222 4065 1305 4122 motu,

305 4130 353 4184 recl
371 4147 407 4186 ex
424 4133 492 4186 solis
511 4131 618 4188 delectu
638 4137 708 4188 oriri
725 4132 894 4230 cogitandae.
1313 4225 1316 4235 Ι
