2802 4684
958 45 970 76 ἱ

246 296 322 382 242
398 259 441 352 ll.
462 221 638 387 Visiones.
680 280 741 354 tlt
758 295 792 363 2·
818 280 860 352 B.
878 291 910 362 1.
933 281 1019 377 Cap
1043 291 1113 373 14,
1134 295 1170 370 7.

251 466 478 551 gravissimum
498 461 745 548 annunciantes,
777 448 920 532 admixta
942 465 1014 530 veri
1034 465 1212 534 deicultus
1233 489 1332 532 com-

138 565 142 572 '
246 555 458 654 ‚mandatione
484 575 723 642 poenarumque
742 555 863 639 impios
882 554 920 616 in
941 565 1106 616 americum
1125 555 1334 616 manentium

254 643 395 704 diramm
415 643 526 703 marus.
572 637 604 723 1)
632 638 777 702 Primus
798 640 898 720 igitur
920 632 967 724 (v.
989 643 1020 706 6.
1037 633 1084 724 7.)
1106 640 1240 720 angelus
1264 641 1335 701 ho-

221 739 236 784 ,·
254 729 359 790 mines
382 747 494 790 omnes
514 735 551 786 ut
572 725 677 802 deoru,
701 736 803 788 terrae
823 744 939 810 nempe
961 723 1063 786 totius
1083 723 1256 788 dominum
1269 747 1336 810 po-

255 825 394 888 tentem,
427 807 555 908 jamque
580 804 743 907 'judicium
768 805 891 907 justum
910 809 1124 872 exerciturum
1145 809 1246 890 digne
1272 831 1336 874 ve-

172 902 178 917 “’
256 909 408 963 uerentur
426 901 587 988 (huncque
605 897 728 972 solum,
746 899 795 958 uti
811 895 938 981 parsit,
959 895 1076 972 colant,
1097 895 1149 956 cll.
1166 916 1200 957 v.
1217 892 1337 979 9-11.)

238 993 423 1070 ,provocat
474 976 666 1046 Nominatur
693 983 723 1043 is
745 977 862 1058 ἄλλος,
889 981 1036 1044 diversus
1058 1001 1077 1042 a
1101 981 1213 1043 moltis
1231 1003 1339 1067 snpra

258 1061 813 1151 (ut10,1.14,2.3.cf.v.14.)
844 1066 1049 1142 mernoraus3
1083 1067 1237 1154 volatque
1262 1090 1339 1146 cum

258 1151 395 1242 reliquis
423 1153 545 1216 duobus
567 1155 604 1220 ἐν
623 1145 899 1238 μεσουρανήματι
919 1153 943 1214 i.
965 1173 994 1214 e·
1019 1171 1057 1214 ea
1083 1153 1166 1214 coeli
1193 1153 1339 1234 regione

147 1271 152 1288 .
181 1237 185 1244 '
260 1259 321 1327 qua
348 1242 386 1302 ab
417 1239 605 1304 hominibus
634 1237 738 1304 audiri
770 1249 881 1324 queat,
912 1231 954 1298 cs.
982 1235 1022 1298 ad
1042 1245 1074 1312 8,
1097 1247 1148 1308 13.
1168 1249 1241 1300 not.
1266 1238 1340 1302 He·

259 1328 371 1388 braeos
400 1323 644 1410 antiquissimos
671 1323 796 1402 angelis
818 1343 898 1410 quos
920 1321 1091 1384 hominum
1112 1317 1258 1391 formam
1282 1337 1339 1388 to-

259 1425 333 1478 ta1n=
352 1404 472 1476 referre
498 1411 667 1493 putabant,
699 1409 765 1472 alas
792 1429 860 1472 non
887 1405 1014 1472 dedisse
1034 1428 1077 1470 ox
1097 1403 1178 1472 Gen.
1199 1420 1259 1488 28,
1286 1422 1340 1482 12.

259 1497 396 1582 aliisque
426 1495 557 1558 indiciis
577 1505 729 1580 apparet3
764 1493 831 1556 alas
855 1504 979 1570 tamen,
1012 1493 1125 1580 quibus
1145 1495 1181 1556 in
1196 1491 1339 1584 Apoca-

259 1583 349 1668 lypsi
369 1603 497 1668 semper
517 1579 665 1642 instructi
685 1579 860 1666 prodeunt,
882 1579 1007 1660 angelis
1030 1579 1164 1641 summis
1184 1573 1256 1672 jam
1279 1581 1338 1644 do-

260 1666 350 1730 derat
369 1667 434 1732 Jes.
454 1673 484 1743 6,
505 1674 537 1735 9.
564 1685 622 1730 nec
643 1669 811 1752 quicquam
831 1665 1005 1728 serioribus
1027 1659 1242 1752 frequentius.
1298 1665 1338 1731 In

187 1781 189 1789 .
260 1755 467 1840 sequentibus
485 1751 582 1823 lectio
606 1771 705 1838 aequa
725 1773 759 1812 ac
778 1750 1001 1836 interpretatio
1021 1750 1170 1830 fluctuat3
1190 1755 1221 1814 si
1247 1753 1339 1816 enim

262 1844 350 1928 ἔχειν
376 1848 491 1900 tenere
518 1837 756 1922 interpreteris,
792 1827 986 1920 εὐαγγέλιον
1015 1829 1153 1902 αἰώνιον
1180 1837 1337 1900 nuncius

173 1945 182 1954 ·
261 1931 425 1986 aeternus
449 1923 473 1984 i.
491 1939 520 1984 e.
541 1923 580 1984 ab
598 1934 730 1988 aeterno
751 1915 945 1984 c'onstitutus
963 1919 1002 1981 de
1022 1915 1111 1994 libro
1128 1942 1184 1983 seu
1201 1920 1336 2008 scripto

260 2005 416 2072 nuncium
437 2007 476 2070 de
495 1996 616 2098 judicio
638 2007 842 2094 exsequendo
864 2007 910 2084 (si
928 2005 967 2068 ad
982 2003 1186 2098 Christianos
1205 2021 1335 2094 specta-

261 2096 349 2172 mus)
380 2095 594 2156 laetissimum
626 2104 659 2156 et
684 2093 997 2177 exspectatissimum
1028 2093 1214 2172 continente
1251 2093 1345 2178 quod'

263 2180 396 2258 angelus
416 2179 572 2242 advolans
593 2181 735 2242 tenuerit
751 2175 1000 2258 intelligendum
1016 2187 1117 2262 esset.
1155 2177 1221 2240 Sed
1234 2179 1334 2263 εὐαγ-

262 2264 383 2351 νὲλιονη
395 2261 525 2326 librum
546 2275 658 2332 notare
677 2263 849 2327 difficulter
868 2261 1039 2330 admodum
1059 2262 1229 2341 statuitur,
1266 2288 1334 2330 curn

264 2345 459 2444 adjectivum
481 2340 619 2416 αἰώνιον
637 2351 683 2416 ita
705 2351 918 2430 incongruum
936 2350 995 2426 sit,
1017 2347 1163 2434 soletque
1185 2363 1281 2414 vates
1298 2352 1334 2412 de

264 2436 349 2496 libro
362 2437 418 2512 ab.
429 2437 543 2516 angelo
565 2436 663 2498 allato
684 2433 857 2498 dilucidius
874 2433 966 2520 loqui
986 2427 1028 2496 cl.
1053 2445 1103 2510 10,
1124 2445 1155 2504 2.
1215 2435 1333 2520 Quod-

266 2541 327 2606 que
347 2520 393 2584 ita
417 2533 501 2582 esset
521 2519 693 2600 legendum
714 2513 923 2607 εὐαγγελίσαι
937 2511 1016 2592 vods
1036 2518 1261 2614 καθημένους
1281 2523 1333 2590 ἐπὶ

264 2605 324 2689 τῆς
345 2604 406 2690 γῆς
420 2606 483 2672 ’καὶ
505 2607 577 2672 πᾶν
595 2609 699 2679 ἔθνος
720 2614 761 2670 ut
781 2599 949 2672 nuncium
964 2597 1093 2690 affirm
1113 2605 1243 2684 mealia
1266 2618 1334 2670 ter-

197 2752 200 2760 .
265 2727 327 2770 rae
354 2705 512 2772 omnibus
544 2713 721 2796 (praestat¹
737 2703 824 2772 enim
852 2708 1070 2794 καθημένους
1095 2709 1120 2770 i.
1143 2729 1172 2770 e.
1208 2707 1333 2789 D'Plll‘

263 2795 399 2857 lectioni
420 2795 637 2858 hebraismum
658 2796 796 2860 ev'itarni
808 2791 1047 2869 κατοικοῦντας
1065 2789 1108 2862 cf.
1119 2792 1240 2856 LXX.
1256 2785 1335 2858 Nih.

266 2890 317 2955 11,
338 2885 370 2947 6.
389 2879 454 2942 Jer.
467 2889 518 2958 25,
541 2879 627 2966 29.)‚
648 2881 685 2944 id
707 2881 797 2944 codd.
822 2881 1021 2964 optimorum
1041 2893 1113 2942 ante
1133 2883 1335 2943 accusativos

262 2965 314 3026 bis
343 2965 399 3030 ἐπὶ
419 2966 597 3046 legentium
617 2967 676 3029 fidi
697 2965 909 3043 contrarium3
938 2967 1042 3054 neque
1061 2967 1334 3052 enim‘quotnodo

264 3051 464 3134 praepositio
485 3052 563 3114 haec
585 3075 603 3114 a
620 3053 761 3116 librariis
783 3053 885 3114 inseri
899 3055 1060 3137 potnerit
1075 3053 1158 3114 ratio
1185 3055 1334 3128 occurrit,

266 3155 338 3198 cum
355 3138 568 3200 accusativum
583 3140 742 3206 ,evitaturi
763 3133 858 3202 haud
869 3135 970 3200 dubio
983 3137 1126 3200 dativum
1147 3141 1335 3220 posuissent

266 3215 308 3280 cf.
331 3220 371 3282 ad
393 3232 444 3298 10,
464 3231 496 3291 7.
519 3235 588 3285 not.
609 3235 642 3286 et
663 3233 747 3286 vair.
766 3223 860 3285 lectt·¹
895 3221 999 3303 Igitur
1020 3223 1105 3284 haud
1125 3221 1241 3284 dubito
1260 3225 1337 3310 quin

265 3305 406 3387 lectione
427 3308 472 3369 sic
493 3311 634 3371 stabilite
652 3327 764 3372 seusus
785 3310 839 3370 hic
861 3308 927 3370 sit:
947 3306 1114 3372 nuncium
1132 3309 1279 3394 aliquem
1299 3312 1335 3369 alr

266 3402 396 3452 aeterno
426 3397 634 3477 constitutum
662 3397 745 3470 (scil.
777 3395 815 3455 de
834 3392 956 3488 judicio
983 3386 1071 3482 justo
1102 3395 1337 3480 exsequendo)

267 3474 460 3539 Christianis
486 3479 606 3544 laetum
633 3477 920 3542 annunciandum
940 3476 1067 3540 liabens
1090 3477 1337 3542 totiusterrae

266 3559 409 3634 incolis,
440 3563 495 3629 ἐπὶ
521 3563 563 3658 523
584 3566 834 3650 superposito,
857 3563 932 3649 quia
951 3565 1083 3645 angelus
1103 3585 1200 3648 super
1222 3586 1335 3628 omnes

266 3675 367 3726 terras
389 3667 494 3742 volatt
521 3677 683 3731 aeternus
702 3680 752 3730 est
771 3670 924 3744 nuncius,
950 3671 1025 3756 quia
1045 3669 1122 3730 deus
1143 3671 1181 3729 ab
1203 3681 1335 3734 aeterno

266 3749 343 3812 inde
377 3763 413 3814 ut
441 3752 594 3818 Messinm
621 3749 753 3851 ejusque
779 3753 958 3816 doctrinam
987 3757 1033 3820 ita
1065 3755 1218 3818 nuncium
1252 3757 1337 3816 hunc

266 3836 386 3898 laetum
421 3840 589 3902 constituit
622 3853 655 3902 et
685 3861 719 3902 se
745 3839 919 3906 missurum
946 3841 1012 3928 piis
1046 3841 1201 3924 promisit
1230 3837 1274 3902 cf.
1298 3839 1336 3900 ad

267 3933 318 3997 10,
339 3930 371 3991 7.
394 3933 443 4001 13,
465 3933 496 3995 8.
515 3937 585 3988 not.
612 3924 708 3991 Rom.
725 3932 774 4001 16,
792 3935 845 3996 25·
878 3918 951 3992 δότε
980 3929 1052 4014 θεῷ
1079 3917 1179 4002 δόξαν
1200 3946 1246 3990 ex
1275 3927 1336 3988 he-

265 4025 404 4088 braismo
435 4030 552 4090 serron
577 4015 669 4102 aim
697 4004 748 4085 iri
778 4031 850 4116 aa]
873 4027 925 4092 Ρ..
946 4036 1004 4108 96,
1018 4037 1049 4100 7.
1076 4033 1126 4107 19,
1150 4042 1179 4098 1.
1205 4037 1238 4101 ο.
1271 4031 1334 4100 Jer.

265 4121 318 4188 13,
340 4119 390 4183 16.
412 4111 481 4216 dos.
501 4125 530 4191 7,
554 4123 604 4186 19.
630 4097 731 4184 war.
755 4119 803 4190 10,
824 4123 877 4186 28.
906 4114 968 4178 deo
990 4113 1076 4220 date
1093 4111 1252 4216 gloriam
1268 4116 1335 4204 jn-
