2802 4684
225 287 300 359 222
320 289 324 294 ·
351 219 398 348 ΙΙ.Ι
421 271 597 356 Visiones.
632 277 694 360 III,
710 290 744 372 2.
769 274 811 348 A.
827 302 857 348 e.
882 291 917 366 1.
931 279 1018 378 Cap.
1045 291 1105 371 12,
1134 288 1303 368 15-17.

222 467 298 534 644.
326 459 474 548 ΖειοΙι.3,
503 469 537 532 5.
557 465 633 542 etc.)
662 474 838 540 monstrat,
873 473 981 530 vatem
1006 464 1070 528 hoc
1099 465 1207 552 ipsum
1230 491 1304 558 quo

222 549 354 614 Satanas
374 569 392 612 a
413 543 557 610 foemina
581 550 729 614 vexanda
748 550 933 636 prohibitus
952 551 1146 638 christianos
1160 549 1307 620 infestet

221 649 349 722 tempus
371 655 523 718 praesens
544 628 659 698 adesse'
698 647 796 700 utare.
817 669 860 682 -
901 635 947 700 V·
964 644 1089 708 15·.16.
1116 635 1202 702 Dum
1220 636 1306 706 loe-

220 724 345 786 miuam
370 723 408 782 in
435 719 595 782 desertum
622 657 774 804 aulilgere
806 722 896 784 videt
927 721 1042 800 draco,
1079 725 1304 810 assequendae

160 815 161 823 ’
220 803 290 906 ejus
317 805 583 892 devorandosque
615 809 703 871 rabie
734 805 845 870 ductus
871 829 939 870 non
966 828 1137 870 venenum
1162 825 1303 892 eructat,

159 946 161 954 .
220 893 307 981 quod
338 891 417 965 alias
449 891 623 955 draconum
655 904 900 980 serpentumque
934 903 985 956 est
1013 893 1113 956 bilem
1127 897 1235 962 'atram
1257 899 1303 964 in

217 980 370 1043 homines
392 971 553 1058 fugientes
567 979 816 1058 evomentium,
848 977 905 1040 aad
925 999 942 1040 a
965 998 1024 1041 uae
1047 979 1213 1060 ingentem
1233 1006 1301 1048 co·-

213 1067 322 1152 piam,
343 1093 346 1102 ⁴
374 1084 433 1126 nae
457 1073 565 1124 totum
587 1062 748 1128 desertum
766 1063 926 1130 inundans
945 1001 1123 1127 loeminam
1143 1071 1300 1133 submer-

214 1173 284 1216 sam
312 1085 435 1214 auderat
467 1148 682 1236 suffocetque3
717 1161 751 1212 at
777 1151 874 1214 celeri
904 1161 1006 1214 terrae
1033 1154 1188 1232 voragine
1208 1175 1298 1242 aqua

145 1305 151 1323 Ι
213 1241 364 1322 absorpta
389 1233 478 1298 nihil
508 1227 672 1298 foeminae
699 1237 804 1300 nocetss
859 1232 952 1316 Quae
973 1234 1043 1298 dira
1062 1236 1169 1318 imago
1189 1240 1298 1304 hahet

137 1367 143 1380 .
213 1335 323 1386 tamen
352 1342 415 1410 quo
447 1321 594 1387 excusari
622 1331 727 1407 queat.
783 1319 864 1386 Nam
890 1321 1044 1384 irmnania
1065 1321 1131 1385 sint
1150 1323 1294 1390 Satanae

212 1409 383 1472 conamina
403 1426 455 1470 res
475 1407 618 1492 postulat
638 1407 731 1492 ipsa3
751 1417 849 1494 utque
869 1407 952 1470 olim
969 1400 1130 1492 Aegyptii
1149 1407 1292 1474 Israeli-

210 1507 260 1558 tas
289 1495 327 1557 in
359 1492 519 1556 desertum
547 1485 750 1574 aufugientes
783 1491 891 1556 undis
905 1493 1096 1573 immergere
1126 1505 1161 1558 et
1179 1497 1293 1560 suffo-

210 1577 311 1644 cando
341 1578 448 1642 delere
478 1573 597 1660 frustra
628 1577 821 1643 conabantur
851 1573 977 1664 (Exod.
996 1581 1048 1650 14·
1071 1586 1122 1648 15.
1153 1577 1194 1644 cf.
1215 1581 1289 1646 der.

115 1727 118 1737 ,
196 1673 263 1748 16,
282 1665 350 1749 8.),
378 1665 427 1726 ita
450 1683 493 1726 ex
521 1662 625 1726 simili
648 1663 794 1750 periculo
822 1658 968 1728 foemina
987 1664 1144 1747 emergit3
1177 1679 1287 1734 terrae

208 1764 315 1815 autem
349 1761 482 1836 repente
518 1748 559 1812 ad
586 1760 789 1836 peccatorum
817 1770 957 1836 poenam
987 1747 1183 1816 dehiscentis
1210 1775 1285 1819 non

158 1843 160 1848 '
205 1839 316 1900 minor
343 1831 429 1898 fama
465 1843 533 1898 erat
561 1855 604 1898 ex
633 1835 837 1922 antiquitate
853 1836 975 1916 inclyta
1012 1835 1131 1914 (Num.
1152 1845 1204 1916 16,
1225 1849 1285 1912 31.

129 1919 132 1935 '
167 1971 176 1994 ,
204 1915 419 2007 Jes.5‚13.).
460 1911 672 2016 Adjectivum
692 1911 1097 2008 nooupupdpqrocfluvio
1121 1918 1284 1986 subriser-

206 2030 266 2071 ans
282 2003 494 2091 oblatusque
515 2004 647 2069 Graecis
670 2007 851 2068 auctoribus
870 2007 992 2082 rarius,
1015 2026 1075 2068 nec
1094 2015 1202 2071 tamen
1221 2009 1283 2073 in-

205 2093 350 2155 auditum
368 2104 426 2153 est.
457 2122 501 2138 --
539 2091 585 2156 V.
609 2101 661 2163 17.
702 2088 742 2154 Id
762 2087 935 2155 consiliunt
955 2087 1073 2154 frustra
1092 2105 1279 2179 susceptum

202 2179 319 2250 videns
340 2177 434 2240 draco
455 2170 633 2241 foeminam
654 2175 792 2240 dimittit
809 2177 1052 2240 totam-rabiem
1064 2178 1101 2240 in
1115 2175 1280 2243 Christia-

199 2285 262 2328 nos
290 2263 463 2327 efflaturus.
526 2263 686 2326 Dicuntur
717 2263 756 2324 hi
786 2267 819 2330 οἱ
846 2263 961 2330 λοιποὶ
988 2261 1050 2329 tori
1081 2261 1278 2350 σπέρματος

200 2348 337 2436 reliqna
352 2343 534 2432 foeminae
556 2345 695 2424 colotes,
718 2359 884 2434 cumpost
905 2345 1274 2438 MessiamJudaeusque

199 2441 328 2520 ereptos
349 2433 412 2494 soli
434 2430 611 2496 Christiani
632 2454 674 2496 ex
699 2433 833 2496 ecclesia
852 2433 965 2531 judaea
986 2435 1050 2496 orti
1066 2446 1206 2515 restent3
1234 2449 1275 2500 ut

197 2522 287 2582 enirn
316 2520 389 2604 ipse
411 2513 557 2581 Christus
577 2521 623 2581 ita
644 2517 824 2586 Christiani
845 2521 994 2583 ecclesiae
1019 2515 1118 2617 hujus
1147 2522 1273 2585 sololes

195 2604 263 2668 dici
291 2599 466 2690 haberique
493 2615 641 2690 possunt.
701 2603 771 2668 Hos
800 2596 906 2668 iamen
936 2605 1168 2686 intelligendos
1197 2627 1271 2673 esse

195 2689 369 2754 dilucidius
390 2690 459 2752 vati
478 2688 648 2754 dicendum
666 2703 749 2768 erat3
771 2690 855 2753 unde
866 2682 992 2786 adjicit:
1013 2691 1074 2776 qrqi
1089 2689 1148 2753 dei
1155 2712 1270 2775 prae-

154 2805 157 2818 ·
193 2784 294 2861 cepta
313 2783 455 2837 servant
475 2771 625 2863 Jesuque
646 2773 827 2838 doetrinae
841 2770 1093 2862 professionem
1103 2769 1270 2858 firmiter

102 2883 105 2891 ·
192 2867 339 2922 tuentur
366 2856 420 2946 (de
449 2863 537 2948 ἔχειν
559 2854 622 2946 τὴν
643 2859 834 2949 μαρτυρίαν
862 2883 895 2925 v.
922 2859 962 2922 ad
980 2866 1010 2937 6,
1032 2869 1063 2933 9.
1089 2857 1268 2946 p.155.);

148 2969 152 2980 „
193 2963 274 3032 quae
302 2945 380 3008 satis
413 2956 487 3030 apta
518 2957 568 3008 est
597 2943 857 3010 Christianorum
888 2967 931 3010 ex
960 2946 1044 3008 vatis
1076 2957 1184 3008 mente
1206 2947 1268 3011 de·-

9 3037 14 3048 “
95 3089 98 3098 ,
190 3029 325 3114 scriptio
348 3049 419 3094 cum
438 3031 548 3110 legum
567 3033 779 3096 mosaicarum
798 3031 904 3095 studio
923 3030 1073 3094 alacriori
1092 3043 1126 3095 et
1141 3032 1268 3096 saniori

190 3116 291 3178 fidem
318 3115 356 3180 in
385 3115 498 3180 Jesum
519 3117 681 3184 ‘Moesiam
710 3119 836 3182 firmam
861 3115 1075 3216 jungentium.
1142 3115 1266 3184 Eadem

115 3235 118 3244 ·
189 3201 275 3264 redit
296 3209 346 3279 14,
368 3212 420 3274 12.
448 3199 492 3282 1).

226 3316 257 3378 1)
277 3311 400 3368 Multum
416 3318 547 3386 varieque
567 3318 598 3369 tn
615 3318 724 3370 risione
743 3315 796 3370 hac
814 3311 962 3370 difficiliori
979 3317 1264 3384 erraruntinterpre-

259 3395 312 3436 tes.
353 3387 395 3438 Ita
418 3385 494 3440 haud
523 3387 589 3441 licet
615 3403 680 3440 cum
699 3387 799 3461 Eiqhh.
817 3388 968 3450 foeminam
988 3388 1120 3440 ecclesiae
1136 3387 1263 3454 judaeae,

257 3471 377 3523 puerum
402 3459 537 3512 ecclesiae
563 3459 729 3512 christianae
756 3458 915 3526 symbolum
939 3457 1056 3520 hahere;
1089 3463 1262 3527 omninoque

213 3565 216 3581 .
256 3538 342 3580 totam
366 3527 438 3580 hauc
465 3533 600 3584 visionem
627 3531 702 3597 apud
728 3531 830 3584 Eichh·
854 3531 928 3584 haud
946 3536 1000 3584 rite
1023 3534 1178 3596 expositam
1196 3547 1261 3585 esse
1345 3535 1350 3544 ’
1385 3529 1386 3538 ’

252 3597 340 3662 ¹facile
365 3609 448 3668 patet.
483 3599 574 3670 Aliter
599 3599 686 3656 Bleek
713 3618 741 3670 p.
759 3608 813 3664 276
831 3618 872 3671 sq.
904 3603 950 3655 cll.
969 3601 1100 3668 Hartwig
1117 3599 1260 3670 Apologia

255 3669 291 3722 Τ.
301 3679 328 3730 2.
346 3685 373 3736 p.
387 3674 450 3730 208·
471 3667 623 3724 foeminam
638 3671 673 3724 de
691 3673 807 3726 eeclesia
825 3673 871 3727 dei
890 3671 1062 3726 Christianos
1080 3675 1163 3724 etiam
1180 3691 1261 3726 urruc

255 3741 475 3808 complectente,
501 3752 591 3804 v.17.
614 3756 707 3796 autem
732 3743 766 3797 de
784 3741 947 3797 Christianis
965 3744 1057 3812 (extra
1076 3745 1260 3808 ecclesiami)
1319 3789 1322 3799 ,

254 3811 371 3883 singulis
395 3817 601 3881 iuterpretatur.
650 3814 705 3868 Sed
730 3815 799 3868 haec
815 3819 1005 3884 interpretatio
1023 3813 1165 3884 quomodo
1184 3819 1257 3867 vatis

203 3907 206 3914 ·
254 3895 375 3936 meatem
402 3897 564 3952 assequatur
591 3901 649 3940 non
674 3889 813 3956 intelligo.
858 3890 974 3941 Temere
999 3894 1074 3939 enim
1101 3893 1191 3946 v.17·
1219 3887 1256 3940 de

254 3957 374 4022 singulis
392 3955 555 4010 Christianis
573 3969 683 4026 praeter
700 3960 862 4023 ecclesiam,
888 3959 1066 4026 foeminaque
1084 3955 1255 4012 deecclesia

252 4024 401 4079 christiana
425 4034 591 4095 exponitur,
623 4047 694 4098 quae
720 4047 777 4098 quo
801 4033 913 4084 tandem
938 4029 1024 4084 modo
1044 4030 1178 4084 Messium
1200 4044 1253 4096 pe-

251 4101 357 4160 perisse
385 4095 441 4152 dici
466 4103 578 4171 potuit?
612 4097 796 4156 articulares
820 4119 848 4172 p·
863 4110 924 4164 275.
945 4115 1036 4156 raone
1057 4099 1164 4156 nullius
1184 4113 1252 4154 suut

249 4172 390 4221 raomcuti.
