2774 4688
267 491 382 570 afficit,
413 501 450 553 ut
478 511 547 554 non
574 492 723 558 tenebrae
743 513 788 556 ex
808 492 890 556 solis
912 485 1055 569 defectu,
1084 502 1248 576 utsupra
1273 493 1344 552 tuba

268 590 381 665 quarta
407 579 574 658 clangente
608 589 639 656 8,
668 589 718 650 12.
752 580 915 656 (tenebras
948 580 1036 640 enim
1062 577 1197 662 quintae
1230 577 1344 662 plegae

268 685 301 726 v.
327 675 378 734 10.
408 683 573 726 reservare
605 666 717 750 potius
748 666 856 726 visum
881 664 964 738 est),
1003 660 1202 724 sedecorius
1227 665 1344 742 ingens

269 770 314 812 ex
340 749 422 812 eolis
450 748 563 811 ardore
594 761 685 832 aucto
714 750 849 812 oriatbr.
897 755 1019 810 Aestus
1045 748 1135 809 enim
1155 749 1300 810 molesti
1320 760 1346 809 et

230 903 234 912 .
268 839 400 921 saepius
430 836 561 897 morbos
590 837 705 898 cientis
733 837 899 915 graviones
926 845 1161 918 ventorumque
1183 835 1346 897 siccorum

221 965 226 976 ι
269 931 302 984 et
324 921 559 994 muburentium
584 933 693 983 tantus
717 922 823 983 estin
844 920 913 982 illis
934 919 1121 999 regionibus
1142 919 1293 993 horror,
1314 931 1344 980 ut

269 1005 356 1070 haud
388 989 484 1068 iaciie
518 1006 555 1068 in
591 1007 757 1092 plagarum
787 1016 1002 1068 extremarum
1030 1004 1202 1066 mentione
1235 1005 1347 1066 omitti

268 1092 399 1178 possint
420 1085 617 1170 (ctrina,
635 1101 686 1165 19.
714 1088 1084 1171 Eisemneng.Judenth.
1105 1087 1190 1160 T.-2.
1211 1093 1346 1174 p.701).

268 1195 414 1260 Effundit
430 1195 566 1275 „angelus
582 1195 726 1282 patinam
747 1195 804 1262 teri
827 1195 850 1258 i.
864 1215 892 1258 e.
915 1171 958 1264 5³2
978 1188 1039 1262 ab
1056 1187 1210 1279 ἦλιονὶη
1228 1191 1346 1266 solere

155 1305 159 1318 ’
268 1301 364 1368 supra
393 1287 488 1368 quem
514 1282 684 1360 constitit,
706 1303 784 1368 quoe
805 1282 892 1344 enim
913 1282 968 1344 hic
991 1291 1160 1361 genantur,
1191 1279 1231 1340 in
1257 1279 1345 1338 coelo

269 1388 416 1442 summo,
445 1363 500 1428 dei
532 1365 606 1429 sede
637 1367 718 1429 solis
746 1368 833 1428 linea
860 1367 963 1428 multo
986 1366 1118 1441 altiore,
1153 1365 1231 1444 geri
1257 1365 1347 1443 cogi-

266 1451 363 1530 tando
390 1461 475 1514 eunt.
505 1451 576 1538 πῦρ
605 1451 644 1515 de
673 1463 763 1515 aestu
794 1451 875 1516 eolis
903 1451 1052 1533 intell-ige
1072 1452 1209 1531 gravius
1232 1451 1345 1534 paullo

264 1557 388 1621 dictum
409 1577 504 1643 quam
523 1555 659 1642 κώμας
679 1556 751 1642 ipsa
771 1543 917 1652 junctum
938 1567 987 1620 est
1006 1557 1142 1620 hebraea
1160 1539 1260 1642 ’ὑῆζῖξ
1281 1555 1347 1630 '’222,

266 1639 450 1720 cs.17‚16·
478 1651 528 1719 18,
550 1651 582 1713 8.
625 1640 688 1708 Sed
708 1643 859 1704 homines
876 1641 954 1705 licet
977 1643 1104 1723 ingenti
1126 1655 1160 1706 et
1181 1645 1346 1706 intolera-

266 1729 328 1794 bili
348 1739 438 1790 aestu
462 1728 541 1790 tosti
561 1729 733 1814 vexatique
754 1727 896 1790 animum
917 1745 1105 1814 perversum
1120 1749 1190 1792 non
1207 1742 1346 1806 mutant,

244 1827 302 1886 ,ut
324 1811 377 1876 dei
398 1814 562 1898 potentiae
588 1813 681 1893 signa
705 1813 782 1876 haec
804 1813 928 1876 edentis
948 1809 1147 1908 majestatem
1167 1831 1347 1896 agnoscant

266 1899 488 1984 celebrantque
509 1896 642 1974 (δοῦναι
655 1885 764 1974 ιδ’ἆξαν
791 1890 832 1960 ef.
852 1909 902 1974 11,
926 1903 1014 1980 13.);
1044 1903 1210 1964 obcoecati
1226 1904 1343 1995 potius

263 1985 505 2070 exacerbatiqne
527 1979 743 2044 nmlediount
764 1981 816 2044 dei
838 1979 936 2080 hujus
956 1985 1084 2050 nomini
1108 1998 1141 2072 et
1165 1989 1343 2084 majestati.

265 2071 318 2133 Sic
337 2069 440 2150 igitur
462 2067 539 2130 dum
559 2066 807 2147 Hierosolymae
829 2069 952 2134 incolas
973 2071 1042 2134 levi
1064 2071 1117 2134 dei
1136 2094 1249 2157 poena
1280 2086 1342 2136 ter-

264 2157 346 2219 ritos
370 2154 409 2216 ad
430 2164 633 2240 scientemque
649 2151 818 2214 redeuntes
841 2155 1003 2218 saniorem
1024 2158 1169 2219 servatos
1192 2158 1342 2228 ,videmos

228 2241 234 2249 '
263 2249 396 2317 11,13,
432 2239 572 2321 gentiles
605 2237 643 2298 hi
672 2239 833 2300 obstinato
864 2257 923 2302 suu
952 2243 1060 2304 animo
1086 2245 1209 2324 corrigi
1230 2247 1340 2306 nescio

263 2325 362 2388 enitii
387 2326 608 2408 suiipsorum
635 2335 783 2386 auctores
814 2337 907 2401 sunt3
950 2338 1086 2413 apteque
1114 2335 1195 2390 satis
1224 2330 1276 2392 its
1305 2329 1340 2390 ad

112 2459 114 2476 .
263 2411 429 2492 graviores
451 2411 560 2494 plagas
580 2419 645 2469 tres
665 2409 805 2494 reliquas
832 2411 1002 2476 transitum
1023 2415 1085 2475 sibi
1106 2414 1222 2498 pandit
1242 2427 1339 2489 vates,

128 2500 135 2512 '
203 2574 206 2580 Ι
264 2497 347 2558 sicut
370 2495 523 2556 similiter
545 2514 604 2556 sex
624 2494 751 2640 priores
781 2496 927 2560 tubarum
955 2499 1066 2583 plagas
1091 2501 1213 2563 mentis
1244 2496 1340 2600 hujus

208 2655 211 2662 ¹
264 2581 451 2666 obcoecatae
472 2579 596 2642 mentio
617 2589 772 2642 censerat
791 2587 821 2658 9,
842 2591 895 2654 20.
915 2593 969 2657 21.

346 2723 382 2807 β.
405 2719 486 2782 Tres
506 2720 641 2782 ultimae
661 2722 775 2806 plagae
793 2720 929 2806 propius
949 2721 990 2784 ad
1010 2733 1105 2808 caput
1125 2722 1193 2798 rei,
1216 2721 1338 2786 Roma-

262 2825 341 2867 num
371 2808 544 2892 imperium
571 2809 737 2894 ipsamque
765 2811 934 2892 praecipue
958 2801 1115 2869 'Romam
1133 2808 1258 2870 Urbem
1279 2832 1338 2895 pu-

262 2889 414 2954 niendam
435 2889 702 2978 evertendamque
722 2893 885 2956 secedunt.
929 2889 1066 2970 Quinta
1078 2893 1167 2956 enim
1183 2907 1338 2964 u.10.11.

262 2971 421 3038 tenebrae
443 2979 580 3062 spissae,
602 2996 741 3064 quarum.
755 2989 911 3040 terrorem
930 2971 997 3074 jam
1018 2991 1129 3062 quarta
1152 2981 1227 3041 tuba
1249 2982 1338 3040 olau-

263 3072 360 3138 gente
380 3065 618 3147 praesensimus
639 3075 670 3140 8,
693 3074 743 3139 12,
764 3085 836 3126 cum
857 3063 920 3140 to'ti
941 3064 1081 3146 imperio
1100 3062 1258 3130 Romano
1274 3078 1338 3126 tom

270 3141 359 3207 Urbi
380 3149 628 3212 molestissimas
650 3151 809 3212 immittit.
862 3147 1025 3210 Tenebras
1046 3149 1135 3213 enim
1156 3151 1338 3214 uthomee

262 3234 469 3312 potissimum
490 3255 606 3296 nocere
631 3245 725 3320 atque
747 3255 790 3298 ex
801 3237 907 3319 capite
922 3234 985 3294 hoc
1002 3233 1157 3298 terrarum
1171 3236 1210 3299 in
1225 3257 1337 3299 omnes

262 3323 362 3378 terras
374 3314 517 3405 dispergi
532 3331 621 3383 vates
634 3321 804 3400 significet,
826 3321 969 3404 patinam
980 3317 1015 3379 in
1030 3312 1195 3384 thronum
1210 3317 1339 3384 bestiae

262 3403 306 3475 (i.
323 3423 352 3464 e.
381 3408 546 3489 potentiae
567 3405 747 3482 Romanae,
781 3404 1032 3489 imperatorum,
1061 3403 1201 3468 Neronis
1222 3429 1251 3467 c.
1270 3411 1339 3479 13.)

263 3505 319 3548 seu
341 3489 378 3550 in
400 3503 494 3574 ceput
514 3490 682 3576 sedemque
703 3493 854 3576 imperii,
890 3487 1027 3552 Romam
1048 3489 1185 3568 Urbem,
1215 3491 1339 3554 effundi

198 3639 224 3660 ΙΙ
261 3573 369 3654 fingit.
422 3575 558 3638 Locutio
590 3577 767 3642 simillima
788 3574 947 3660 reperitur
976 3572 1101 3637 Enoch·
1125 3585 1177 3653 61,
1202 3589 1337 3648 11-18-

262 3663 442 3734 62,8.15.
501 3661 564 3724 Sed
591 3663 731 3724 terribili
761 3661 820 3723 hac
847 3679 951 3744 poena
979 3661 1097 3724 iterum
1128 3673 1204 3724 'non
1232 3663 1338 3726 territi

264 3745 312 3820 (oi
335 3739 521 3829 ἄνθρωποι.
536 3769 569 3808 v.
589 3756 620 3820 9.
642 3749 781 3828 gentiles
803 3745 930 3889 impii),
956 3745 1012 3807 sed
1033 3750 1216 3810 exacerbati
1241 3761 1277 3810 et
1301 3746 1336 3808 ad

264 3827 525 3913 desperationem
545 3830 664 3895 redacti
682 3828 856 3894 manduco
878 3837 943 3890 aot
962 3831 1194 3913 (μωσσᾶσθαι,
1217 3835 1337 3896 rectius
1378 3839 1379 3910 1

261 3923 370 3976 tamen
387 3916 586 4000 μασᾶσθαι,
610 3939 652 3980 ex
670 3913 788 3980 'eodem
809 3928 917 3994 etymo·
929 3915 1013 3977 unde
1026 3917 1164 3980 latinum
1174 3918 1338 3981 mandere
1378 3913 1379 3986 l

170 4043 173 4048 1
263 3995 416 4082 Theoph.
438 4001 523 4064 char.
544 4025 571 4063 c.
592 4013 645 4072 20.
667 3998 772 4065 Arist.
794 3999 879 4060 Plut.
900 4020 932 4059 v.
951 4003 1047 4078 320.)
1079 4001 1228 4090 linguas
1257 4025 1336 4065 suos
1378 3999 1379 4068 l

261 4079 362 4168 (quod
390 4080 493 4148 facere
525 4089 633 4150 solent
659 4089 802 4168 graviter
833 4084 992 4164 indignati
1008 4085 1197 4174 ‘doloreque
1226 4088 1333 4150 rabido

260 4170 357 4230 cerbe
373 4171 553 4250 ‚exagitali,
585 4183 622 4234 nt
643 4169 875 4237 eodemmodo
911 4169 1030 4245 dicitnr
1057 4169 1154 4236 labia
1181 4173 1335 4238 mordere

193 395 195 404 Α
267 318 343 390 258
393 305 436 377 11.
462 301 638 379 Visiones.
659 305 771 388 nto.
797 307 838 376 Β.
858 319 892 389 3
919 331 949 377 c.
969 302 1012 401 β
1036 307 1126 403 Cep·
1141 307 1205 396 16,
1235 289 1296 386 10⁸·
