2848 4682
212 276 263 368 30
313 235 478 381 Expend
494 305 568 358 rar.
587 283 634 352 de
648 295 784 376 ergsim
802 292 839 350 et
856 283 1010 402 integrit.
1029 281 1112 352 libri
1128 283 1288 394 opinion.-

117 501 141 527 κ-
212 481 285 536 tum
317 471 436 536 scelera
467 466 694 554 vituperentur
728 477 758 546 9,
779 477 832 541 20.
852 478 913 544 21,
941 429 1058 552 plagae
1085 473 1189 544 8,6
1197 475 1227 548 9,
1244 477 1289 539 21
1376 487 1383 496 ·

148 573 151 580 ’
195 553 391 662 ‘descriptae
425 581 553 661 totam
582 583 762 652 terram,
808 591 925 636 mare
954 582 1016 635 etc.
1050 573 1160 655 (ergo
1175 573 1291 648 saitem

212 703 281 748 uon
303 679 478 744 iudaeam
487 656 603 760 solam)
633 673 857 741 devastaturae
878 676 1074 765 fingantur,
1093 685 1126 740 et
1146 658 1291 742 Romani

211 807 279 850 non
307 782 481 861 iudaeam,
512 779 568 843 sed
600 779 713 845 Parthi
745 783 868 866 equites
890 776 1070 848 Romanos
1104 765 1290 848 infestaturi

211 887 435 976 producantur
458 897 488 966 9,
512 894 639 956 13-21.
692 885 815 970 Igitur,
854 889 883 952 si
909 887 1052 973 excipias
1080 899 1171 968 ull,
1194 899 1291 961 1-13

212 990 298 1077 quod
322 989 362 1052 de
383 987 623 1072 Hierosolymis
650 987 881 1074 profanandis,
911 990 968 1056 sed
998 987 1113 1054 deinde
1134 989 1174 1054 ad
1198 991 1292 1058 chri-t
1412 1040 1415 1049 ·

194 1087 347 1160 ¹stian'am
373 1092 563 1181 religionem
596 1093 825 1158 convertendis
854 1104 887 1159 et
912 1093 1080 1159 servandis
1108 1095 1200 1184 agit,
1219 1119 1291 1162 non

213 1204 319 1268 solum
333 1199 428 1264 «nulla
446 1195 563 1262 indicia
584 1196 721 1290 iudaeos
744 1192 1047 1286 distinguunt,.sed
1069 1197 1167 1263 iidem
1189 1221 1298 1286 pror-·

214 1331 268 1385 sus
299 1307 408 1371 hostes
438 1301 493 1368 hic
519 1301 631 1390 puniri
661 1303 821 1390 incipiunt
829 1345 844 1382 ,-
873 1323 1014 1388 quorum
1044 1323 1147 1387 poena
1176 1305 1290 1386 ultima

214 1417 496 1490 c.11,15-19,21
519 1405 722 1486 describitur.
747 1413 789 1491 2)
805 1406 866 1472 Sed
886 1406 1110 1487 concedamus,
1131 1408 1288 1495 imagines

214 1527 352 1589 c.8-11
382 1513 421 1578 ad
443 1510 596 1576 iudaeam
622 1509 795 1577 transferri
822 1533 934 1598 posse,
966 1522 1085 1577 atton
1105 1514 1212 1598 operis
1234 1515 1290 1584 iu·
1325 1511 1328 1518 ’

53 1643 73 1707 “’
122 1641 125 1647 ·
214 1619 302 1686 doles
334 1633 368 1682 et
397 1616 540 1706 partium
554 1613 752 1692 ¹distributio
785 1616 969 1686 turbaretur
997 1628 1030 1682 et
1058 1617 1231 1691 artificium
1252 1621 1291 1691 in

212 1723 364 1789 omnibus
397 1721 577 1786 visionibus
611 1720 842 1801 contexendis,
876 1722 968 1808 quale
996 1711 1100 1808 ¹supra
1132 1726 1289 1810 exposui-

181 1831 184 1840 ’
212 1850 303 1910 mus,
336 1825 548 1914 conspicuum
579 1827 713 1914 periret.
766 1827 856 1894 Nam
877 1826 992 1900 ‚omnia
1018 1827 1057 1890 ab
1088 1827 1183 1900 initio,
1210 1827 1318 1896 inde*
1419 1815 1420 1826 ἵ

214 1940 273 2004 c.6
304 1951 371 1994 non
401 1929 441 2016 ad
466 1930 578 1996 duas(
594 1938 693 2018 (quae
721 1953 888 2018 nunquam
918 1930 1145 2019 nominantur)
1168 1935 1225 2000 sed
1245 1937 1288 2012 ad
1332 1935 1337 1943 ’

213 2058 333 2102 unam
362 2035 477 2100 urbem
508 2037 738 2114 destruendam
765 2048 797 2102 et
819 2035 965 2106 adsolos
985 2038 1152 2112 Romanos
1169 2051 1290 2128 tyran·

215 2164 275 2210 nos
298 2130 455 2228 superbos
477 2143 659 2230 puniendos
679 2155 924 2230 praeparantur.
974 2145 1030 2210 Ne
1052 2143 1175 2234 dicam,
1204 2168 1288 2232 poe-

212 2259 281 2312 tam
301 2269 469 2331 nunquam
491 2248 530 2310 de
554 2247 700 2314 hostibus
718 2246 846 2312 »diversi
873 2248 1000 2334 generis
1024 2250 1113 2334 loqui
1141 2262 1174 2314 et
1205 2274 1287 2317 nus-

100 2403 104 2416 .
215 2375 312 2438 quam
328 2353 468 2420 Romam
484 2353 735 2436 Hierosolymae
749 2351 944 2427 evertendae
952 2365 1017 2430 ,aut
1037 2354 1212 2443 adjungere
1226 2367 1289 2426 'a'ut
1341 2375 1348 2392 “
1412 2374 1417 2445 ζ

214 2479 398 2544 opponere,
418 2478 479 2544 pen
499 2453 605 2522 totum
624 2454 790 2519 visionum
811 2479 936 2524 nexum
958 2459 1086 2526 Roma
1106 2463 1287 2550 superba

95 2614 97 2622 ,
214 2561 428 2638 describitur3
462 2573 495 2626 et
515 2561 608 2626 initio
626 2559 738 2624 statim
768 2565 957 2646 martyrum
978 2564 1152 2630 multitudo
1171 2569 1287 2656 ingens
1334 2566 1339 2586 ⁸

212 2667 299 2732 baud
320 2665 415 2730 dubie
436 2689 505 2744 non
528 2685 546 2730 a
565 2665 693 2740 iudaeis
715 2667 811 2748 (quos
829 2677 957 2732 tantam
981 2670 1108 2754 copiam
1130 2673 1289 2738 Cluistia-

211 2795 332 2838 norum
365 2769 519 2837 occidisse
549 2791 647 2846 nemo
677 2763 830 2854 affirmet)
860 2771 916 2836 sed
945 2793 963 2836 a
988 2773 1160 2860 gentilibus
1188 2778 1287 2858 occisi

211 2891 444 2966 proponuntur
471 2884 629 2958 6,11··7‚
648 2884 776 2950 10·17.
814 2877 864 2941 cll.
883 2887 999 2956 1917·
1025 2890 1077 2960 13,
1095 2889 1127 2952 7.
1179 2883 1285 2970 Plagis

212 2997 336 3071 septem
360 2996 428 3056 c..8
448 2993 479 3058 9.
498 2981 685 3068 praeparari
703 2981 770 3065 jam
790 2980 916 3046 ultimas
932 2981 1046 3049 iisdem
1064 2981 1240 3070 hostibus'
1230 3009 1286 3050 111-

160 3125 162 3133 ’
211 3089 367 3206 iligendas
389 3095 568 3167 c.15.16.,
597 3109 665 3150 non
685 3096 812 3150 tantum
837 3097 924 3150 totus
945 3086 1076 3168 actionis
1093 3104 1286 3176 progressus

212 3207 245 3258 et
266 3187 432 3258 visionum
453 3212 557 3256 nexus
577 3187 734 3274 postulat,
762 3188 851 3252 sed
841 3211 912 3276 ipsa
932 3191 1030 3258 etiam
1051 3193 1176 3280 singula
1194 3197 1286 3283 capi-

210 3312 281 3364 tum
302 3297 433 3364 illorum
451 3294 566 3362 verba.
608 3295 658 3360 lta
679 3295 790 3380 plagae
811 3305 950 3378 quatuor
971 3305 1066 3377 8,7-
1048 3307 1125 3370 -.13
1146 3300 1283 3369 leviores

212 3404 382 3470 tertiam
413 3415 540 3468 tantum
569 3401 591 3468 is
613 3399 737 3466 e.satis
761 3419 914 3486 magnam
944 3410 1088 3466 terrae
1115 3417 1284 3490 partem

212 3506 269 3589 (cf.
285 3517 315 3587 9,
337 3509 412 3588 18),
442 3506 544 3570 athis
565 3501 799 3592 respondentes
821 3515 959 3588 quatuor
983 3507 1115 3572 ultimae
1139 3519 1189 3590 16,
1209 3523 1283 3586 1-9

171 3665 179 3674 .
211 3623 343 3678 totam
369 3622 526 3676 terram
556 3609 719 3676 infestant.
773 3607 830 3678 De
859 3607 973 3680 ceteris
1003 3609 1090 3678 infra
1122 3616 1282 3704 sigillatim
1325 3679 1330 3687 .

211 3717 343 3784 dicetur.

172 3939 176 3944 ’
294 3889 333 3997 3:
358 3893 514 3990 Redimus
543 3917 642 4007 igitur
676 3917 715 3983 ad
745 3915 778 3982 id
805 3913 950 4002 undef§.
967 3931 996 3990 1.
1017 3921 1137 4008 egressi
1158 3945 1281 4005 sumus,

139 4035 142 4045 '
189 4015 400 4118 r'scriptorem
439 4024 661 4116 gentilium
699 4035 826 4091 tantum
860 4034 893 4088 et
929 4024 1090 4113 imprimis
1127 4031 1279 4096 Romae

964 4173 967 4190 l

973 4201 987 4234 Ι,
