2840 4690
234 289 291 382 86
332 265 335 280 i
418 311 421 320 '
479 294 784 410 LProoemiuur.
863 253 1066 390 Cap,1;'1‚
1148 329 1152 334 .
1202 311 1206 318 ·

239 466 409 546 dicendum
430 472 545 543 fuisset
564 478 688 567 βίβλος
708 480 769 564 τῆς
791 466 919 561 cirion).
952 471 1061 558 -Dedit
1082 475 1169 538 Deus
1184 473 1318 540 Christo

190 563 199 624 ff
239 567 473 640 revelationem
504 569 598 628 istam
625 564 726 642 δεῖξαι
757 573 797 631 at
827 573 1038 630 monstraret
1066 559 1213 648 (verbum
1235 585 1319 648 pro-

243 655 352 742 prium
374 649 609 715 derisionibus
629 650 797 738 inquibus
820 649 898 712 deus
915 671 1025 714 rerum
1043 643 1320 736 ¹suturarumima-
1402 679 1403 684 ¹

243 760 335 839 gines
356 759 421 819 uati
445 759 486 820 ob
500 754 610 818 o'culos
626 757 721 852 ponit
741 749 781 818 cf.
807 755 913 840 nisis!
932 749 1036 818 Amos
1055 763 1086 829 7,
1105 764 1134 822 1.
1151 757 1182 822 4.
1203 751 1321 815 Enoch

244 853 298 919 79,
319 838 351 927 1)
371 838 562 904 cultoribus
584 861 659 902 suas
681 836 768 905 ἃδεῑ
786 831 946 926 γενέσθαι
967 844 1003 906 ἐν
1024 829 1217 928 rdyrc·quae
1239 859 1320 900 eve-

244 931 317 992 nire
349 923 471 990 debent
503 927 526 986 i.
549 947 578 988 e.
609 925 787 1004 certissime
816 927 986 1002 evenient,
1018 935 1054 986 ut
1074 907 1229 1003 dubitatio
1251 946 1321 985 non

75 1061 81 1068 .
172 1073 174 1079 ,
247 1005 391 1076 adsitus.
413 1017 444 1086 4,
469 1023 499 1081 1.
521 1021 573 1087 22,
590 1015 621 1078 6.
642 1012 782 1095 pertinet
804 1009 892 1072 enim
913 1010 952 1072 ad
972 1010 1120 1096 poesium
1142 1003 1240 1106 hujus
1260 1031 1321 1089 ge·
1403 1049 1404 1052 =

135 1127 139 1134 ¹
233 1100 334 1162 -neris
349 1097 619 1181 paraeneticarum
635 1095 814 1170 fictionem,
836 1105 872 1155 ut
888 1117 947 1183 pro
950 1097 1087 1182 phetae,
1111 1115 1174 1180 quo
1193 1096 1322 1160 firmio-

248 1206 320 1262 rem
350 1182 477 1244 miseris
499 1188 591 1267 'spem
619 1175 753 1258 faciant,
788 1189 906 1242 eventu
923 1197 1005 1242 'non
1036 1178 1166 1241 destitui
1195 1193 1321 1266 poenae

249 1267 362 1354 impiis
391 1265 584 1346 infligendae
605 1279 637 1328 et
660 1267 757 1327 sortis
778 1266 907 1350 piorum
927 1257 1072 1328 laetioris
1093 1266 1253 1329 nuncium
1266 1263 1322 1326 di-

251 1365 334 1416 serte
356 1339 529 1429 affirment,
549 1355 616 1414 imo
639 1353 693 1414 vel
717 1364 752 1413 ut
770 1349 868 1412 fidem
891 1351 922 1412 ei
946 1353 1097 1434 habeant,
1121 1365 1233 1424 omnes
1246 1373 1322 1431 gra-

212 1439 220 1463 *
253 1441 337 1504 viter
357 1431 550 1500 admoneant
569 1430 610 1498 cf.
625 1447 678 1512 22,
701 1443 731 1506 6.
753 1434 850 1506 4Esr.
874 1443 923 1512 15,
935 1446 966 1506 2.
983 1448 1015 1499 et
1034 1437 1194 1540 imprimis
1206 1435 1321 1498 Enoch
1404 1493 1405 1522 ἶ

255 1534 328 1599 103,
347 1535 378 1614 1.
399 1525 470 1598 104,
492 1536 520 1592 1.
577 1519 677 1602 Quod
704 1513 963 1618 autem‘adjecit*
984 1521 1020 1588 ἐν’
1037 1545 1141 1612 ,τειχει
1162 1517 1322 1584 celeriter

255 1611 333 1672 haec
349 1617 507 1669 ‘eventura
529 1617 616 1684 esse,
640 1607 716 1668 satis
739 1627 852 1683 verum
875 1619 938 1683 est,
969 1609 997 1668 si
1020 1609 1194 1686 cogitemus
1215 1605 1325 1692 ipsum
1368 1673 1372 1678 ,

144 1705 150 1714 ’
205 1723 207 1732 ’
254 1689 421 1780 scriptoris
440 1689 641 1755 Christianos
661 1693 855 1754 consolantis
876 1703 909 1756 et
930 1689 1132 1755 admonentis
1152 1693 1326 1756 consilium

196 1813 206 1848 ·,
255 1773 438 1866 postolare,
466 1789 502 1839 ut
522 1799 660 1864 poenam
680 1779 856 1864 impiorum
875 1799 943 1840 non
971 1777 1026 1840 diu
1048 1788 1240 1842 moraturam
1267 1797 1326 1842 seu

157 1866 182 1886 ·’
257 1863 342 1952 quod
364 1861 402 1925 a'd
423 1861 509 1924 idern
526 1861 627 1941 redit,
652 1861 823 1926 adventum
841 1863 915 1926 Jesu
939 1861 1079 1926 vindicis
1099 1885 1178 1927 mox
1198 1863 1326 1927 instan-

193 1941 196 1952 ’
259 1963 328 2012 tem
348 1952 475 2028 sisteret
503 1943 559 2040 (cf.
582 1941 734 2033 ti'uottptic
754 1940 849 2038 ἐγγύς
872 1961 900 2025 1.
919 1957 951 2018 3·
974 1959 1027 2024 22,
1049 1954 1080 2018 6·
1105 1960 1157 2018 10.
1179 1959 1230 2036 '122
1254 1952 1325 2028 20).

251 2045 292 2112 et
324 2055 501 2120 quanquam
530 2039 609 2120 (puae
633 2031 783 2119 deinceps
810 2032 850 2097 de
872 2035 965 2097 rebus
987 2033 1151 2120 sperandis
1172 2033 1271 2096 tradit
1292 2042 1324 2112 6,

262 2112 370 2195 ¹1-22‚
391 2125 422 2188 5.
454 2141 522 2182 non
542 2119 614 2182 ¹nisi
641 2121 783 2206 plurium
813 2113 921 2182 forsan
942 2141 1099 2183 annorum
1120 2120 1202 2182 serie
1224 2119 1325 2206 pandi

259 2206 401 2290 possint,
421 2215 453 2265 at
473 2225 595 2288 poenae
616 2205 802 2290 impiorum·
813 2207 903 2268 initii
923 2205 1037 2271 saltem
1057 2227 1136 2267 mox
1149 2207 1327 2268 irmninen-

258 2292 304 2350 tis
331 2309 421 2375 spem
456 2283 574 2351 laceret
601 2291 825 2364 certissimamt
857 2288 1029 2376 eademque
1061 2291 1206 2354 omnium
1231 2293 1328 2354 simi-

261 2375 343 2436 lium
373 2394 507 2458 operum
528 2375 575 2438 est
592 2377 686 2438 ratio.
738 2374 832 2438 Issam
860 2367 1077 2458 ἀποκάλυψιν
1098 2374 1244 2438 Christus
1265 2377 1326 2456 Jo-
1406 2413 1407 2428 2

240 2505 244 2518 ,
261 2459 364 2522 hanni
377 2449 553 2545 ’ἒσὴμάνεν
576 2455 676 2608 ῗᾶθῃι
696 2453 764 2523 fere
790 2459 875 2547 quod
895 2453 1010 2537 ἔδέιξε,
1037 2459 1076 2522 de
1096 2463 1188 2526 rebus
1211 2457 1328 2526 suturis

260 2542 377 2628 signio
398 2554 431 2606 et
451 2545 582 2625 imagini
607 2567 642 2608 us
661 2541 859 2610 iudicandis
873 2539 947 2608 Aer.
961 2555 1011 2621 11,
1022 2539 1088 2630 28.)
1108 2541 1329 2633 significavit

132 2629 136 2640 '
213 2622 465 2703 ’,ἀποστείλας
495 2623 550 2696 διὰ
581 2631 641 2698 τοῦ
663 2622 814 2716 ,ἀγγέλου
844 2627 922 2718 qua'e
950 2633 1047 2694 verba
1066 2631 1177 2693 multis
1200 2633 1330 2696 obscura

201 2762 209 2778 .
264 2711 336 2775 visa
356 2725 411 2776 aut
431 2715 477 2776 ita
496 2715 652 2799 explicari
664 2727 815 2800 possunt,
833 2727 868 2776 ut
890 2709 1108 2804 ἀποκάλυψιν
1130 2719 1329 2804 suppleatur:

266 2797 410 2862 mittens
431 2797 673 2864 revelationem
688 2819 756 2886 per
777 2797 969 2887 angelum,'
991 2799 1077 2890 quod
1097 2811 1204 2866 tamen
1223 2803 1331 2866 minus

183 2979 186 2984 Δ
253 2912 419 2996 ‚probatur
453 2906 542 2998 (nam
566 2907 711 2992 Arabum
740 2899 788 2996 djl
817 2910 1019 2991 incarne,
1060 2898 1132 2989 102&
1165 2913 1331 2981 Lannruo

244 3017 351 3080 spec.
373 3017 415 3058 ex
434 2991 508 3059 Abu
530 2993 677 3060 Scherifo
700 3020 732 3083 p·
744 3005 795 3074 25,
812 3011 841 3070 1.
883 2997 1011 3082 Nrconr.
1035 3001 1222 3074 catalbibl.
1236 3001 1332 3069 Bodl.

254 3102 257 3115 ·
264 3103 299 3168 p.
314 3089 357 3152 56
375 3082 405 3142 b.
426 3089 468 3152 76
487 3103 515 3144 a.
536 3089 578 3154 84
592 3103 621 3144 a.
650 3093 683 3146 et
708 3083 828 3146 similia
854 3095 968 3146 notant
991 3086 1094 3166 magis
1113 3084 1292 3150 oraculum
1313 3109 1333 3150 e

266 3181 712 3266 coelooodens,demissum‚
727 3165 835 3270 utini
862 3187 925 3250 Jes.
949 3199 979 3264 9,
999 3183 1045 3274 7),
1067 3201 1121 3261 aut
1140 3185 1332 3254 conferenda

164 3299 167 3312 ’
265 3300 315 3352 est
336 3287 555 3355 Hebraeorum
575 3293 696 3355 locutio
720 3293 788 3379 '¹3³2
807 3270 884 3378 filil
905 3291 1045 3365 mittere
1066 3291 1239 3382 (absolute,
1275 3286 1333 3377 bite

178 3372 182 3392 ¹
245 3369 376 3464 leuben)
393 3395 460 3458 per
481 3375 649 3442 nuncium
667 3377 729 3446 Ex·
749 3379 780 3452 4,
800 3377 981 3459 13..1Reg.
1002 3389 1033 3454 2,
1053 3389 1107 3451 15.
1123 3383 1178 3444 ubi
1199 3403 1261 3446 nos
1281 3383 1333 3444 di-

116 3475 119 3482 ’
266 3461 369 3521 mnus
389 3458 529 3523 mittere
546 3459 734 3538 nuncium}
748 3483 840 3548 ‘quae
860 3465 942 3526 ratio
968 3467 1128 3548 probatur,
1140 3469 1242 3530 simili
1260 3470 1333 3534 loco

252 3551 326 3620 22,
348 3550 380 3613 6.
433 3542 483 3608 De
511 3543 717 3630 angelorum
743 3547 779 3610 in
802 3549 856 3610 his
875 3550 1057 3613 visionibus
1088 3555 1273 3616 interventu
1301 3571 1334 3618 v.

267 3640 354 3715 p.8;
376 3626 411 3692 id
429 3649 507 3692 vero
528 3631 583 3692 hic
604 3633 731 3696 mirum
743 3631 848 3698 videri
893 3635 987 3712 ussit,
1010 3657 1118 3700 unum
1138 3650 1261 3704 tantum
1275 3661 1334 3702 an-

191 3743 199 3750 ·
266 3715 376 3796 gelum
398 3716 587 3793 memorari,
618 3739 797 3804 quanquam
824 3657 911 3782 iulia
935 3728 1034 3797 17,1.
1062 3731 1114 3800 21,
1137 3733 1169 3796 9.
1199 3726 1336 3800 aliorum

147 3825 149 3832 r
198 3864 203 3871 .
268 3802 364 3865 etiam
386 3797 568 3864 Johannem
590 3800 629 3864 de
650 3805 752 3884 signis
771 3804 956 3874 docentiur'n
973 3809 1095 3870 mentio
1118 3810 1165 3882 fit.
1206 3809 1271 3872 Res
1291 3813 1337 3873 sic

185 3945 191 3952 ,
250 3883 447 3966 cogitanda.
497 3885 586 3950 Unus
610 3891 733 3954 'tantum
752 3891 883 3972 angelus
906 3887 938 3978 1)
960 3906 994 3959 et
1015 3893 1052 3956 ab
1073 3893 1171 3958 initio
1194 3895 1338 3958 Joharmi

303 4028 339 4091 1)
357 4024 427 4078 Cum
445 4025 571 4080 Christus
590 4044 653 4081 eum
669 4045 777 4097 semper
794 4033 833 4078 rto
850 4023 946 4088 tiqrab
964 4048 1006 4090 μου
1027 4030 1113 4097 dican
1141 4032 1338 4100 intelligendus

259 4137 264 4145 .
341 4107 383 4148 est
409 4097 521 4168 angelos
549 4098 663 4156 Chresti,
700 4110 730 4152 ut
763 4099 876 4170 angelus
906 4101 1018 4168 spiritur
1033 4127 1035 4132 r
1050 4103 1139 4153 saneti
1162 4115 1339 4168 ,memoratur

265 4169 268 4176 ’
341 4165 457 4254 docens.
483 4169 538 4223 Jes.
556 4175 583 4236 7,
601 4177 644 4264 23.
668 4195 704 4212 -
736 4170 866 4225 Ceterum
894 4171 989 4226 Sroua
1013 4172 1134 4245 apolog.
1160 4175 1210 4228 der
1229 4173 1340 4230 Offenb.
