2802 4684
894 210 900 242 Ι
997 209 1002 215 .

108 351 114 367 .
211 352 213 360 ·
236 311 316 407 210·
364 308 597 424 namnet
622 275 1319 404 111.1.2.1...1.cap·11‚‘19·1221.

236 497 283 562 v:
303 506 354 572 19.
377 494 459 561 Rata
484 495 558 570 fieri
589 515 670 584 quae
700 493 748 558 ita
775 493 909 558 coelites
930 493 970 557 de
989 492 1083 574 regni
1104 489 1255 555 coelestis
1281 485 1324 550 in

235 597 322 648 terra
353 581 553 646 instaurandi
580 583 765 668 impiosque
796 579 953 666 perdendi
981 577 1132 665 'ternpore
1161 577 1325 662 proxime

238 673 379 734 instante
408 671 471 732 sibi
497 670 752 754 mortalibusque
773 665 986 746 congratulati
1006 676 1114 740 erent,
1148 662 1225 726 deus
1246 657 1326 760 jam

239 761 313 844 ipse
336 756 440 834 signis
463 753 586 817 duobus
607 765 742 818 testatur
755 755 914 833 'gravibus
935 763 968 814 et
981 750 1174 836 perspicuis.
1215 745 1326 834 Quo-

241 864 313 905 rum
334 842 425 926 prius
448 839 578 927 quidem
600 829 639 901 ad
660 838 696 918 id
718 848 840 922 spectet
861 837 948 924 quod
969 857 1066 923 supra
1087 837 1236 910 etiamlv.
1256 841 1351 902 15η
1380 833 1381 840 '

243 938 294 998 18.
316 927 420 1022 priori
440 941 473 988 'et
493 928 665 1014 praecipuo
687 925 760 984 loco
776 923 940 994 laudatum
953 934 1020 998 est,
1042 919 1146 1006 regni
1158 915 1327 982 coelestis

194 1034 200 1044 ·
242 1011 388 1074 initiam
406 1012 489 1096 jam
513 1019 653 1096 patens.
707 1005 807 1094 Quod
834 1011 977 1088 imagine
1008 1029 1050 1070 ex
1072 1027 1143 1068 arca
1170 1001 1326 1068 foederis

169 1147 181 1158 f
215 1095 544 1200 *'1noseica(ttt'tt‚t·]
571 1100 657 1201 2578,
687 1111 793 1194 Erod.
814 1119 866 1190 40,
888 1117 937 1195 2.)
963 1111 1105 1176 desumta
1125 1129 1224 1196 eaque
1245 1119 1328 1170 tum

203 1223 206 1230 ’
243 1199 372 1288 quidem
393 1201 550 1286 temporis
568 1191 759 1284 pervulgata
778 1199 983 1286 exprimitur.
1039 1197 1130 1260 Hanc
1152 1197 1241 1258 enim
1265 1207 1328 1256 ar-

244 1308 312 1348 cem
334 1283 465 1348 traditio
488 1295 563 1368 post
584 1284 722 1348 exilium
743 1297 817 1348 nate
842 1307 861 1346 a
878 1285 1018 1347 deremia
1043 1285 1101 1346 sub
1122 1291 1213 1368 petra
1258 1300 1327 1341 ua·
1381 1296 1382 1350 ξ

245 1371 318 1434 dam
344 1391 430 1432 sacra
450 1368 574 1432 nemini
595 1369 856 1456 conspiciendam
876 1371 923 1452 ita
942 1369 1086 1432 abditem'
1103 1363 1206 1430 fuisse
1226 1299 1328 1428 liere-

243 1459 313 1532 bet,
344 1467 381 1518 ut
407 1457 444 1518 in
464 1457 529 1518 line
550 1453 681 1518 demum
700 1477 808 1540 rerum
827 1458 914 1520 inter
934 1467 1136 1520 mortuorum
1155 1454 1193 1516 in
1212 1454 1327 1515 vitem

177 1549 179 1554 '
244 1537 386 1606 reditum
421 1542 576 1627 regnique
610 1541 761 1604 coelestis
797 1539 939 1627 auspicia
974 1540 1141 1627 proditura
1179 1538 1225 1603 sit
1265 1547 1328 1598 aut

197 1613 202 1626 ’
244 1630 281 1691 in
302 1628 411 1712 ipsum
430 1626 556 1688 coelum
577 1627 706 1712 ejusque
727 1628 886 1713 templum
905 1637 960 1690 aut
981 1625 1067 1714 quod
1088 1624 1128 1688 ad
1141 1621 1228 1687 idem
1245 1617 1326 1686 fere

244 1712 330 1776 redit
356 1713 394 1775 in
423 1724 568 1774 montem
589 1711 681 1774 Sinai
701 1714 840 1790 sublata,
867 1723 906 1786 ut,
925 1713 1077 1798 deinceps
1096 1713 1182 1774 inter
1201 1710 1326 1772 homi-

243 1795 302 1862 nes
328 1797 401 1860 aevi
432 1791 539 1864 felicis
559 1799 700 1860 mosaico
724 1799 844 1866 similis
866 1809 899 1861 et
921 1791 1055 1895 majoris
1075 1795 1265 1860 emendatos
1290 1805 1326 1857 et
1382 1853 1383 1870 ,

245 1895 349 1946 castos
376 1884 414 1947 in
440 1895 632 1970 perpetuum
656 1883 729 1946 loeo
758 1905 818 1947 suo
841 1905 992 1948 mensura
1018 1884 1080 1959 sit3
1113 1877 1156 1944 cf.
1174 1881 1323 1944 Doroth.

245 1968 325 2050 Tyr.
360 1967 400 2030 de
423 1971 485 2030 vit.
508 1969 668 2054 prophet.
692 1991 726 2032 v.
751 1978 803 2040 15.
830 1969 881 2033 ed.
907 1967 1001 2034 Febr.
1030 1989 1064 2054 p.
1076 1970 1152 2039 451.
1180 1979 1214 2030 et
1234 1987 1323 2052 quae

245 2073 340 2141 supra
366 2053 406 2116 ad
432 2065 463 2130 2,
486 2063 537 2124 17.
558 2074 592 2139 p.
610 2065 681 2128 119·
710 2066 821 2118 notata
844 2067 930 2118 sunt.
992 2049 1083 2137 Quid
1103 2054 1202 2136 igitur
1222 2051 1323 2133 regni

245 2141 395 2202 coelestis
423 2133 489 2236 jam
516 2139 664 2204 inchoati
688 2141 805 2204 certius
825 2143 954 2221 signum
980 2141 1160 2226 pignusque
1181 2137 1323 2218 cogitari

203 2295 206 2304 Ἰ
243 2237 389 2310 poterat,
424 2247 518 2311 quam
542 2243 630 2286 arcae
650 2214 749 2322 hujus
768 2220 836 2322 jam
857 2248 875 2288 a
897 2227 970 2288 loco
989 2229 1055 2288 isto
1077 2223 1184 2288 abdito
1206 2223 1322 2286 subla-

244 2323 296 2374 tae
315 2313 412 2396 inque
432 2309 591 2395 templum
612 2309 665 2374 dei
683 2313 823 2376 coeleste
838 2313 1006 2376 translatae
1020 2321 1167 2397 espectus
1178 2307 1321 2396 petens?

223 2391 395 2459 Alterum
415 2417 494 2458 vero
520 2394 621 2472 illud,
649 2395 827 2483 impiorum
854 2397 977 2460 scilicet
1007 2395 1171 2460 excidium
1195 2390 1322 2494 justum

246 2492 332 2543 certo
362 2481 499 2554 instare,
533 2479 611 2542 deus
638 2475 837 2562 fragoribus,
870 2482 1062 2558 tonitribus,
1094 2492 1197 2544 terrae
1226 2492 1322 2544 motu

170 2591 173 2597 ·
246 2587 317 2628 cum
345 2564 400 2627 his
428 2561 598 2641 coniuncto
620 2567 839 2655 grandineque
859 2568 953 2652 gravi
971 2568 1120 2630 excitetis
1139 2568 1322 2647 significem

246 2651 447 2737 cerniturque
476 2650 531 2712 hic
561 2651 643 2714 mire
671 2673 733 2739 qua
762 2673 875 2717 ornnes
904 2655 1052 2716 visiones
1073 2653 1248 2736 cohaerent
1270 2671 1322 2714 ars

244 2737 394 2830 insignis.
452 2731 545 2821 Quae
575 2738 664 2800 enim
690 2731 789 2837 hujus
818 2741 946 2820 generis
971 2741 1038 2802 irae
1067 2737 1198 2802 divinae
1226 2739 1322 2818 signa

243 2841 310 2920 pam
332 2841 428 2908 supre
449 2832 534 2900 8,’5.
562 2822 599 2886 in
619 2824 796 2909 poenarum
817 2827 964 2908 gravium
983 2823 1082 2888 initio
1110 2825 1205 2886 obvia
1227 2834 1322 2887 erant

233 2911 401 2987 ‘figmento
420 2920 513 2993 apto,
534 2907 646 2970 eadem
666 2911 721 2972 hie
743 2912 938 2977 instantibus
959 2910 1083 2974 ultimis
1102 2903 1223 2997 poeuis
1244 2929 1323 2990 gra-

247 2995 340 3055 viora
360 2989 494 3056 redeunt
520 3005 553 3056 et
570 2989 657 3056 infra
678 3002 729 3072 16,
752 3008 804 3067 18.
823 2998 861 3060 in
878 3009 1041 3060 extremae
1061 2995 1323 3081 plagee'terrore

245 3079 528 3226 gravissimadque
558 3079 652 3237 fingp.
667 3093 818 3168 poterant
849 3083 886 3146 vi
911 3083 1049 3170 repetita
1068 3082 1247 3161 sistuntur3
1279 3075 1322 3143 cf.

180 3195 182 3203 ι
235 3181 281 3252 21³·
298 3169 353 3238 24·
375 3175 446 3226 eta
491 3175 543 3241 10.
565 3174 599 3235 3.

331 3363 363 3425 2.
386 3351 465 3416 Post
490 3349 569 3414 haec
596 3348 706 3440 ipsum
730 3347 884 3415 Messinm
904 3349 1130 3418 adventantem
1150 3363 1323 3438 exspecta·

247 3456 335 3516 mus,
370 3440 425 3526 qui
456 3459 592 3518 regnum
622 3439 760 3500 coeleste
789 3439 1008 3523 auspicaturus
1031 3443 1268 3526 impiosprius
1291 3449 1323 3501 et

231 3517 361 3587 *hostes
383 3525 614 3594 eicontrarios
635 3519 758 3600 delcit,
777 3527 920 3587 vindicta
940 3547 1020 3612 quae
1040 3534 1186 3612 superest
1204 3524 1321 3586 ultima

170 3647 176 3664 .
247 3609 344 3695 plene
369 3607 532 3673 sumenda.
582 3604 630 3670 At
650 3607 792 3672 hicnon
813 3610 923 3695 ipsum
943 3613 1052 3677 statim
1074 3613 1160 3674 hunc
1180 3607 1322 3672 Messiee

228 3697 284 3759 ‘in
305 3707 423 3758 terram
445 3693 619 3756 adventum
639 3695 870 3780 victoriamque
888 3695 1036 3782 depingit
1053 3710 1159 3774 vates,
1181 3693 1323 3760 sed'elie

247 3779 381 3844 molitur
400 3780 491 3866 prius
514 3778 732 3842 delineatione
752 3782 831 3842 satis
852 3781 950 3862 longa
970 3784 1187 3869 praemittere.
1240 3779 1322 3842 Nam

249 3887 307 3952 per
336 3879 370 3928 se
394 3867 503 3951 placet
522 3861 608 3928 haud
634 3864 728 3926 dubie
752 3865 830 3928 haec
851 3867 961 3944 ultimi
985 3890 1094 3932 rerum
1114 3863 1175 3930 fati
1198 3861 1322 3930 descri-

250 3951 347 4015 bendi
366 3971 474 4027 mora,
508 3971 572 4036 quo
594 3971 662 4014 uon
682 3952 803 4029 largior
823 3962 948 4024 tentum
970 3961 1082 4016 rerum*
1098 3950 1320 4040 depingenda-

190 4077 192 4087 ι
247 4043 321 4108 r'um
340 4037 419 4103 fluat
433 4037 599 4110 materies,
622 4031 679 4098 sed
699 4037 856 4099 lectorum
877 4040 975 4100 etiam
997 4041 1123 4102 animus
1143 4035 1320 4100 cunctando

247 4133 281 4183 et
309 4121 349 4184 ad
380 4121 444 4184 elie
471 4120 627 4206 replendo
648 4120 689 4184 ad
708 4122 859 4186 ultimum
879 4127 1171 4220 gravissimumque
1192 4123 1321 4186 exitum
