2840 4690
233 322 249 368 ·.
329 307 673 388 -·1.·u·00emrum;
732 287 871 405 capa,
896 324 930 394 2·
1058 251 1077 410 ¹,
1114 327 1188 400 aas
1248 369 1252 380 ·

116 510 207 575 tum,
240 495 289 559 uti
317 484 462 571 videtur,
490 494 672 580 'ceterorum
697 491 819 557 civium
841 491 1192 596 moribusmu'eriores

117 588 159 648 ob
179 585 287 670 turpia
309 605 388 670 quae
408 587 634 668 perpetrabere
657 580 739 668 vitia
760 579 855 668 (quae
876 517 1132 663 siugul'd'tldneu
1150 615 1193 656 no

116 671 227 752 tetigit
255 671 384 756 quidem
413 667 595 747 lohannes)
632 677 758 728 tantum
789 688 806 727 a
835 665 979 731 doctrina
1012 665 1191 741 christiana

90 805 94 808 .
116 756 363 837 degenerarent,
385 765 421 815 ut
441 755 575 816 nomine
596 751 963 816 ecclesiae'christianae
985 777 1119 840 prorsus
1136 763 1191 826 iu·
1224 819 1228 835 ,

116 842 210 923 digni
229 834 393 938 judicandi
412 851 529 902 essent.
578 835 743 900 Videntur
762 835 1062 917 igitur'Christiaui
1081 851 1191 927 gentiss

116 931 201 990 lium
220 949 354 1012 prorsus
376 946 483 988 mores
504 925 623 986 iterum
642 923 754 986 sectati
775 944 866 1000 esse,
888 945 1001 989 eorum
1016 933 1191 996 immemoss

29 1085 32 1097 ¹
116 1035 187 1090 res,
210 1033 289 1098 quae
312 1013 488 1076 christiana
506 1009 623 1090 religio
644 1031 713 1072 non
729 1009 927 1094 patiebatur,
947 1013 1033 1078 unde
1054 1021 1191 1084 etiama
1244 1066 1249 1074 ·

117 1098 311 1181 gentilibus,
342 1100 528 1186 quibuscum
555 1095 657 1157 amice
680 1096 923 1179 conspirabant,
951 1119 1008 1162 eos
1029 1125 1097 1167 non
1114 1124 1191 1170 ¹esse

118 1196 256 1249 vexatos
280 1183 356 1248 inde
383 1183 497 1263 colligi
517 1191 643 1266 potest,
701 1181 767 1242 u'od
795 1180 960 1246 Johanues
981 1178 1045 1270 τὴν
1065 1191 1192 1269 θλίψις(

116 1261 356 1356 etairrogaocuiv
380 1291 449 1332 non
468 1277 661 1330 memorat,
720 1267 790 1328 ravi
811 1268 911 1346 igitur
935 1269 1099 1357 vituperio
1119 1299 1191 1341 cum
1274 1328 1280 1342 .

116 1357 218 1420 minis
251 1355 426 1442 praemisso
458 1373 476 1415 a
504 1353 764 1440 paucis'tantum
781 1353 839 1416 'his
856 1355 1019 1454 ²titiertun
1040 1359 1190 1424 sordibus
1238 1423 1239 1430 ,

85 1479 88 1484 -
116 1444 241 1509 nonin
267 1435 385 1528 uiuatis
405 1434 529 1501 futurae
552 1438 665 1500 salutis
682 1439 753 1523 piis
773 1438 975 1503 imminentis
997 1445 1109 1508 vivide
1131 1449 1190 1510 de·

116 1463 302 1590 scribendae
331 1547 441 1590 ausam
469 1546 593 1588 sumere
613 1535 734 1620 potest.
787 1521 828 1587 In
874 1527 1030 1592 raedicat'o
1051 1531 1191 1597 lllessiae

117 1616 173 1676 hic
194 1613 387 1688 notandum,
415 1620 544 1696 septem
564 1607 714 1694 spiritus
734 1606 808 1682 dei,
836 1548 1013 1698 dequibus
1041 1637 1074 1678 v.
1098 1617 1137 1683 ad
1161 1632 1189 1696 1,
1259 1679 1264 1688 ,

115 1704 156 1776 4,
179 1697 317 1762 Messias
337 1697 447 1760 tribui.
491 1692 685 1780 Quanquam
702 1696 791 1758 enim
812 1697 891 1758 alias
914 1712 1039 1784 septem
1059 1702 1102 1762 hi.
1118 1707 1191 1790 spi-
1256 1745 1258 1752 ·

116 1788 201 1848 ritus
232 1787 285 1848 dei
305 1787 460 1849 thronum
480 1783 701 1858 circumstant,
739 1793 849 1845 tamen
870 1785 989 1848 utalia
1011 1789 1191 1872 praedicata

109 1872 233 1934 divina
251 1871 456 1950 irnMessiam
476 1862 729 1943 transferuntur,
750 1868 796 1928 ita
820 1870 995 1952 spirituum
1014 1875 1111 1936 etiam
1126 1877 1191 1942 ho-
1245 1865 1250 1888 ⁸

117 1980 191 2022 rum
221 1957 374 2043 splendor
403 1949 444 2016 cs.
465 1951 591 2016 Enoch.
614 1957 666 2026 48,
684 1962 839 2038 3·,p·151·
873 1956 928 2016 ubi
961 1966 1032 2019 tres
1055 1962 1191 2046 spiritus
1253 2025 1256 2036 ,

116 2043 270 2116 Messium
298 2043 501 2104 comitantur.
554 2035 852 2138 Gurnquespiritus
870 2039 910 2100 hi
930 2040 1112 2128 lampadum
1134 2069 1191 2110 seu
1233 2101 1237 2117 s
1313 2051 1319 2062 ‘

118 2130 288 2192 oculorum
307 2127 483 2189 lucentium
500 2124 641 2204 imagine
659 2123 876 2191 exhibeantur
897 2126 946 2210 (y.
962 2149 995 2212 p.
1006 2136 1088 2207 89),
1114 2145 1191 2216 pot.
1222 2201 1225 2206 Ι

118 2225 212 2278 erant
233 2217 275 2276 ob
294 2215 376 2276 hanc
398 2211 550 2292 imaginis
572 2210 823 2271 similitudinem
844 2231 915 2272 cum
935 2211 1065 2297 septem
1079 2215 1174 2280 stalli

117 2303 215 2388 (quas
224 2301 301 2362 alias
323 2299 460 2362 Messias
474 2309 585 2376 tenere
606 2295 724 2356 dicitur
748 2307 777 2372 1,
798 2301 849 2364 16.
870 2300 1136 2386 2‚1.)comp0ui‚
1157 2315 1191 2365 ut

115 2387 193 2472 ipsa
204 2378 748 2482 hic-juncturahlessiamecclesias,
770 2401 902 2467 quarum
911 2383 1072 2448 antistites
1085 2389 1190 2468 stellis

118 2458 1188 2558 hisrespcudent,observareeasqueuuevpravtadgspiritudivino

120 2568 153 2620 et
162 2558 275 2638 vigore
289 2559 422 2636 agitatas
436 2575 506 2616 esse
525 2553 639 2615 debere
652 2553 814 2615 innuatur.
836 2547 948 2638 ὄνομα
962 2561 1046 2644 ἔχεις
1058 2565 1190 2635 nutricia,

120 2639 258 2724 famam
284 2637 387 2704 bobes
417 2641 507 2726 quasi
527 2636 643 2711 vivas,
670 2657 870 2724 quanquam
892 2657 1012 2720 revera
1032 2652 1209 2706 mortuas

119 2747 155 2790 es
162 2749 175 2803 3
196 2739 273 2788 nota
294 2727 382 2796 enirn
403 2737 453 2788 est
474 2721 730 2808 Apostolorum,
751 2722 844 2783 l'auli
864 2723 1045 2807 imprimis,
1066 2729 1190 2807 imago,

120 2833 181 2899 qua
193 2813 345 2873 homines
360 2813 561 2890 ignorantiae
574 2810 696 2894 peccati
709 2819 803 2870 nocte
821 2809 939 2892 sepulti
959 2831 1017 2894 per
1025 2809 1191 2876 Christum
1259 2883 1262 2890 Ι

120 2895 233 2962 vitam
247 2899 331 2959 nacti
350 2896 509 2970 dicuntur,
518 2907 552 2956 ut
566 2893 632 2991 jam
647 2915 745 2979 porro
761 2893 797 2954 in
812 2894 969 2956 virtutum
986 2897 1092 2958 studio
1106 2913 1190 2960 stre·-

118 3003 182 3046 nue
204 2981 424 3068 persequendo
445 3003 607 3067 nunquam
621 2979 821 3067 delasseutur
840 2989 872 3039 et
882 2974 1031 3044 fatiscant
1042 2979 1083 3044 cf.
1094 2983 1190 3046 llum.

119 3074 151 3143 6,
177 3077 227 3136 13.
249 3066 350 3138 2601.
368 3073 399 3142 4,
416 3060 467 3137 11.
493 3066 623 3153 Epeo,
643 3077 672 3135 1.
692 3075 725 3133 5.
780 3061 884 3143 Igitur
913 3064 1019 3128 Sardii
1047 3090 1212 3152 suumrae7

119 3143 218 3246 hujus
248 3154 335 3215 vitae
359 3153 553 3216 christianae
574 3143 771 3215 conditionis
791 3151 1001 3214 immemores
1018 3151 1117 3217 vitiis
1136 3175 1191 3215 se·
1221 3149 1227 3155 ’

115 3235 216 3324 palti
243 3247 278 3306 et
301 3235 404 3323 quasi
425 3236 557 3300 mortui
578 3247 670 3314 sunt,
707 3237 918 3302 utslmilitet·
939 3228 1053 3322 νεκρός
1070 3239 1191 3317 ,dicitur

120 3323 178 3408 qui
199 3323 236 3386 in
256 3323 415 3384 virtutum
436 3321 543 3386 studio
565 3321 783 3404 negligentior
805 3331 837 3383 et
858 3321 985 3400 segnior
1004 3335 1054 3384 est
1074 3323 1190 3388 blatth.

30 3399 33 3408 ’
63 3421 66 3429 ‘
119 3419 153 3484 8,
173 3418 227 3478 22.
243 3417 296 3454 '-
339 3407 385 3470 V;
407 3417 441 3478 2.
482 3405 521 3472 Iu
549 3411 660 3473 eadem
688 3407 866 3492 persistens
896 3408 1036 3487 imagine
1065 3411 1191 3493 pergit:

120 3489 255 3578 evigila
268 3504 301 3555 et
311 3487 480 3576 confirma
493 3503 606 3575 cetero
615 3513 703 3580 quoe
723 3482 919 3558 ἁποθάνειν
932 3492 1192 3566 immoriendo,

122 3575 273 3654 otiando,
305 3577 500 3650 amissurus
528 3593 580 3652 es,
617 3599 696 3658 auge
723 3589 758 3640 et
785 3575 896 3639 obtine
925 3601 1004 3664 quae
1028 3581 1192 3664 hucusque

120 3664 182 3727 tibi
204 3681 349 3725 mansere
368 3663 527 3739 uirtutes,
561 3685 603 3725 ue
623 3685 702 3728 mox
726 3673 759 3724 et
785 3663 843 3724 has
863 3665 990 3727 amittas
1010 3665 1083 3740 (vix
1105 3667 1193 3726 cuim

122 3739 166 3812 ‘cd
187 3739 289 3813 λοιπά
310 3769 369 3832 pre
393 3739 470 3820 τούς
491 3738 629 3822 λοιπούς
649 3748 713 3834 diei
734 3769 831 3834 posse
853 3749 998 3827 videtur,
1029 3751 1191 3836 imprimis

123 3853 196 3894 cum
217 3832 256 3894 de
277 3873 279 3883 »
306 3833 392 3894 aucis
413 3833 596 3894 insontibus
625 3830 712 3896 infra
734 3835 862 3896 demum
885 3857 916 3895 v·
930 3841 960 3904 4.
983 3857 1087 3897 sermo
1110 3830 1192 3920 fiat).

121 3915 233 3982 Lectio
257 3855 428 3980 ariinodum
451 3920 570 3994 vaiiat3
599 3921 741 4000 'genuina
763 3911 848 3998 milri
870 3921 997 3981 videtur
1020 3916 1195 4006 didacellsg
1220 3959 1222 3967 ι

124 3994 338 4080 inobducta,
360 4025 420 4087 pro
443 4027 505 4092 quo
528 4003 605 4068 satis
626 4003 723 4068 inulti
745 4025 762 4068 e
784 4007 893 4086 glossa
914 3997 1195 4091 cirrossdllscule-

106 4099 223 4168 'gunt3
260 4089 318 4150 alii
337 4089 444 4156 multi
472 4113 543 4155 cum
570 4093 689 4179 partim
716 4085 939 4176 imperfectum
966 4092 1101 4176 ἔμελλες
1108 4135 1119 4170 ,-
1155 4113 1196 4154 ex

100 4182 102 4192 ¹
288 4173 292 4186 ¹
623 4211 625 4219 ,
907 4183 919 4214 o
1055 4181 1077 4204 ·-
1162 4213 1165 4218 .
