<?xml version="1.0" encoding="UTF-8"?>
<!DOCTYPE html PUBLIC "-//W3C//DTD XHTML 1.0 Transitional//EN"
    "http://www.w3.org/TR/xhtml1/DTD/xhtml1-transitional.dtd">
<html xmlns="http://www.w3.org/1999/xhtml" xml:lang="en" lang="en">
 <head>
  <title>
</title>
<meta http-equiv="Content-Type" content="text/html;charset=utf-8" />
  <meta name='ocr-system' content='tesseract 3.04.00' />
  <meta name='ocr-capabilities' content='ocr_page ocr_carea ocr_par ocr_line ocrx_word'/>
</head>
<body>
  <div class='ocr_page' id='page_1' title='image "./commentariusina01ewalgoog_0170.png"; bbox 0 0 2802 4684; ppageno 0'>
   <div class='ocr_carea' id='block_1_1' title="bbox 264 275 1189 438">
    <p class='ocr_par' dir='ltr' id='par_1_1' title="bbox 264 275 1189 438">
     <span class='ocr_line' id='line_1_1' title="bbox 264 275 1189 438; baseline 0.009 -46"><span class='ocrx_word' id='word_1_1' title='bbox 264 275 506 438; x_wconf 56' lang='lat' dir='ltr'><strong>usvenans.</strong></span> <span class='ocrx_word' id='word_1_2' title='bbox 526 319 584 389; x_wconf 55' lang='lat'><strong>2⁴1.</strong></span> <span class='ocrx_word' id='word_1_3' title='bbox 608 331 643 409; x_wconf 81' lang='lat' dir='ltr'><strong>a,</strong></span> <span class='ocrx_word' id='word_1_4' title='bbox 669 333 726 422; x_wconf 55' lang='lat'><strong>1„</strong></span> <span class='ocrx_word' id='word_1_5' title='bbox 758 299 847 414; x_wconf 61' lang='lat' dir='ltr'><strong>Cap‘-</strong></span> <span class='ocrx_word' id='word_1_6' title='bbox 863 305 906 410; x_wconf 68' lang='lat'><strong>7&#39;22</strong></span> <span class='ocrx_word' id='word_1_7' title='bbox 925 329 1034 404; x_wconf 49' lang='lat' dir='ltr'><strong>twe-</strong></span> <span class='ocrx_word' id='word_1_8' title='bbox 1117 325 1189 412; x_wconf 76' lang='lat'><strong>163</strong></span> 
     </span>
    </p>
   </div>
   <div class='ocr_carea' id='block_1_2' title="bbox 35 502 1253 932">
    <p class='ocr_par' dir='ltr' id='par_1_2' title="bbox 35 502 1253 932">
     <span class='ocr_line' id='line_1_2' title="bbox 107 502 1190 594; baseline 0 -24"><span class='ocrx_word' id='word_1_9' title='bbox 107 525 281 586; x_wconf 81' lang='lat' dir='ltr'><strong>numerum</strong></span> <span class='ocrx_word' id='word_1_10' title='bbox 294 502 406 586; x_wconf 83' lang='lat' dir='ltr'><strong>sigillo</strong></span> <span class='ocrx_word' id='word_1_11' title='bbox 420 503 535 570; x_wconf 89' lang='lat' dir='ltr'><strong>divino</strong></span> <span class='ocrx_word' id='word_1_12' title='bbox 551 503 822 594; x_wconf 64' lang='lat' dir='ltr'><strong>tremendorum</strong></span> <span class='ocrx_word' id='word_1_13' title='bbox 846 515 879 568; x_wconf 89' lang='lat' dir='ltr'><strong>et</strong></span> <span class='ocrx_word' id='word_1_14' title='bbox 894 519 1073 594; x_wconf 86' lang='lat' dir='ltr'><strong>quanquam</strong></span> <span class='ocrx_word' id='word_1_15' title='bbox 1085 514 1190 588; x_wconf 80' lang='lat' dir='ltr'><strong>totum</strong></span> 
     </span>
     <span class='ocr_line' id='line_1_3' title="bbox 106 589 1188 676; baseline 0.001 -24"><span class='ocrx_word' id='word_1_16' title='bbox 106 612 278 660; x_wconf 84' lang='lat' dir='ltr'><strong>numerum</strong></span> <span class='ocrx_word' id='word_1_17' title='bbox 299 591 489 676; x_wconf 76' lang='lat' dir='ltr'>praeponit,</span> <span class='ocrx_word' id='word_1_18' title='bbox 516 600 681 658; x_wconf 75' lang='lat' dir='ltr'><strong>enumerat</strong></span> <span class='ocrx_word' id='word_1_19' title='bbox 700 599 814 652; x_wconf 89' lang='lat' dir='ltr'><strong>tamen</strong></span> <span class='ocrx_word' id='word_1_20' title='bbox 830 592 871 652; x_wconf 89' lang='lat' dir='ltr'><strong>ob</strong></span> <span class='ocrx_word' id='word_1_21' title='bbox 892 589 941 653; x_wconf 87' lang='lat' dir='ltr'><strong>rei</strong></span> <span class='ocrx_word' id='word_1_22' title='bbox 963 591 1188 665; x_wconf 80' lang='lat' dir='ltr'><strong>certitudinem</strong></span> 
     </span>
     <span class='ocr_line' id='line_1_4' title="bbox 107 675 1188 764; baseline 0.004 -27"><span class='ocrx_word' id='word_1_23' title='bbox 107 688 143 742; x_wconf 86' lang='lat' dir='ltr'><strong>et</strong></span> <span class='ocrx_word' id='word_1_24' title='bbox 163 677 355 757; x_wconf 65' lang='lat' dir='ltr'><strong>grauitatem</strong></span> <span class='ocrx_word' id='word_1_25' title='bbox 376 676 519 756; x_wconf 89' lang='lat' dir='ltr'><strong>singulas</strong></span> <span class='ocrx_word' id='word_1_26' title='bbox 541 675 693 762; x_wconf 80' lang='lat' dir='ltr'><strong>deinceps</strong></span> <span class='ocrx_word' id='word_1_27' title='bbox 714 675 815 738; x_wconf 87' lang='lat' dir='ltr'><strong>tribus</strong></span> <span class='ocrx_word' id='word_1_28' title='bbox 829 685 1060 764; x_wconf 76' lang='lat' dir='ltr'><strong>numerumque</strong></span> <span class='ocrx_word' id='word_1_29' title='bbox 1077 677 1188 748; x_wconf 83' lang='lat' dir='ltr'><strong>omni-</strong></span> 
     </span>
     <span class='ocr_line' id='line_1_5' title="bbox 105 759 1253 846; baseline 0.003 -23"><span class='ocrx_word' id='word_1_30' title='bbox 105 763 167 823; x_wconf 89' lang='lat' dir='ltr'><strong>bus</strong></span> <span class='ocrx_word' id='word_1_31' title='bbox 189 759 336 824; x_wconf 88' lang='lat' dir='ltr'><strong>eundem.</strong></span> <span class='ocrx_word' id='word_1_32' title='bbox 380 761 443 823; x_wconf 85' lang='lat' dir='ltr'><strong>Sed</strong></span> <span class='ocrx_word' id='word_1_33' title='bbox 465 761 503 824; x_wconf 89' lang='lat' dir='ltr'><strong>iu</strong></span> <span class='ocrx_word' id='word_1_34' title='bbox 522 763 585 824; x_wconf 92' lang='lat' dir='ltr'><strong>hoc</strong></span> <span class='ocrx_word' id='word_1_35' title='bbox 605 781 741 828; x_wconf 88' lang='lat' dir='ltr'><strong>numero</strong></span> <span class='ocrx_word' id='word_1_36' title='bbox 761 761 855 846; x_wconf 87' lang='lat' dir='ltr'><strong>plura</strong></span> <span class='ocrx_word' id='word_1_37' title='bbox 874 761 1185 836; x_wconf 84' lang='lat' dir='ltr'><strong>obviesuntnotatu</strong></span> <span class='ocrx_word' id='word_1_38' title='bbox 1249 803 1253 808; x_wconf 89' lang='lat'><em>-</em></span> 
     </span>
     <span class='ocr_line' id='line_1_6' title="bbox 35 843 1187 932; baseline 0.003 -24"><span class='ocrx_word' id='word_1_39' title='bbox 35 899 41 908; x_wconf 86' lang='lat'>.</span> <span class='ocrx_word' id='word_1_40' title='bbox 105 847 309 928; x_wconf 80' lang='lat' dir='ltr'><strong>gravissima.</strong></span> <span class='ocrx_word' id='word_1_41' title='bbox 360 847 394 927; x_wconf 83' lang='lat'><strong>1)</strong></span> <span class='ocrx_word' id='word_1_42' title='bbox 415 843 514 932; x_wconf 88' lang='lat' dir='ltr'><strong>Quod</strong></span> <span class='ocrx_word' id='word_1_43' title='bbox 537 867 558 930; x_wconf 80' lang='lat'><strong>⁰.</strong></span> <span class='ocrx_word' id='word_1_44' title='bbox 578 845 747 918; x_wconf 84' lang='lat' dir='ltr'><strong>duodecim</strong></span> <span class='ocrx_word' id='word_1_45' title='bbox 766 845 912 908; x_wconf 80' lang='lat' dir='ltr'><strong>tribubus</strong></span> <span class='ocrx_word' id='word_1_46' title='bbox 933 858 1058 912; x_wconf 87' lang='lat' dir='ltr'><strong>tantum</strong></span> <span class='ocrx_word' id='word_1_47' title='bbox 1078 843 1187 912; x_wconf 84' lang='lat' dir='ltr'><strong>Israe-</strong></span> 
     </span>
    </p>
   </div>
   <div class='ocr_carea' id='block_1_3' title="bbox 7 927 1185 1011">
    <p class='ocr_par' dir='ltr' id='par_1_3' title="bbox 7 927 1185 1011">
     <span class='ocr_line' id='line_1_7' title="bbox 7 927 1185 1011; baseline 0.005 -19"><span class='ocrx_word' id='word_1_48' title='bbox 7 958 12 964; x_wconf 96' lang='lat'>·</span> <span class='ocrx_word' id='word_1_49' title='bbox 87 932 210 1006; x_wconf 75' lang='lat' dir='ltr'><strong>‘liticis</strong></span> <span class='ocrx_word' id='word_1_50' title='bbox 230 952 400 998; x_wconf 89' lang='lat' dir='ltr'><strong>numerum</strong></span> <span class='ocrx_word' id='word_1_51' title='bbox 420 927 651 998; x_wconf 85' lang='lat' dir='ltr'><strong>servandorum</strong></span> <span class='ocrx_word' id='word_1_52' title='bbox 671 941 763 1004; x_wconf 82' lang='lat' dir='ltr'><strong>vates</strong></span> <span class='ocrx_word' id='word_1_53' title='bbox 792 931 981 1008; x_wconf 82' lang='lat' dir='ltr'><strong>constituit,</strong></span> <span class='ocrx_word' id='word_1_54' title='bbox 997 929 1081 997; x_wconf 76' lang='lat' dir='ltr'><strong>&#39;non</strong></span> <span class='ocrx_word' id='word_1_55' title='bbox 1098 933 1185 1011; x_wconf 84' lang='lat' dir='ltr'><strong>&#39;hanc</strong></span> 
     </span>
    </p>
   </div>
   <div class='ocr_carea' id='block_1_4' title="bbox 28 1010 1274 3504">
    <p class='ocr_par' dir='ltr' id='par_1_4' title="bbox 28 1010 1274 3504">
     <span class='ocr_line' id='line_1_8' title="bbox 104 1010 1185 1096; baseline 0.004 -18"><span class='ocrx_word' id='word_1_56' title='bbox 104 1017 237 1093; x_wconf 66' lang='lat' dir='ltr'><strong>babere,</strong></span> <span class='ocrx_word' id='word_1_57' title='bbox 272 1010 356 1080; x_wconf 88' lang='lat' dir='ltr'><strong>otest</strong></span> <span class='ocrx_word' id='word_1_58' title='bbox 376 1015 462 1096; x_wconf 71' lang='lat' dir='ltr'><strong>viro,</strong></span> <span class='ocrx_word' id='word_1_59' title='bbox 484 1015 687 1081; x_wconf 84' lang='lat' dir='ltr'><strong>Christianos</strong></span> <span class='ocrx_word' id='word_1_60' title='bbox 708 1026 833 1080; x_wconf 87' lang='lat' dir='ltr'><strong>tantum</strong></span> <span class='ocrx_word' id='word_1_61' title='bbox 853 1037 872 1080; x_wconf 89' lang='lat' dir='ltr'><strong>e</strong></span> <span class='ocrx_word' id='word_1_62' title='bbox 891 1015 1023 1081; x_wconf 87' lang='lat' dir='ltr'><strong>Judaeis</strong></span> <span class='ocrx_word' id='word_1_63' title='bbox 1043 1028 1130 1084; x_wconf 87' lang='lat' dir='ltr'><strong>tutos</strong></span> <span class='ocrx_word' id='word_1_64' title='bbox 1151 1031 1185 1082; x_wconf 89' lang='lat' dir='ltr'><strong>et</strong></span> 
     </span>
     <span class='ocr_line' id='line_1_9' title="bbox 106 1039 1274 1192; baseline 0 -26"><span class='ocrx_word' id='word_1_65' title='bbox 106 1095 221 1170; x_wconf 86' lang='lat' dir='ltr'><strong>beatos</strong></span> <span class='ocrx_word' id='word_1_66' title='bbox 246 1039 349 1170; x_wconf 50' lang='lat' dir='ltr'><strong>iore(</strong></span> <span class='ocrx_word' id='word_1_67' title='bbox 380 1098 682 1176; x_wconf 79' lang='lat' dir='ltr'><strong>Narnchristianos</strong></span> <span class='ocrx_word' id='word_1_68' title='bbox 704 1123 748 1172; x_wconf 78' lang='lat' dir='ltr'><strong>ex·</strong></span> <span class='ocrx_word' id='word_1_69' title='bbox 769 1101 918 1170; x_wconf 80' lang='lat' dir='ltr'><strong>omnibus</strong></span> <span class='ocrx_word' id='word_1_70' title='bbox 938 1104 1090 1192; x_wconf 88' lang='lat' dir='ltr'><strong>gentibus</strong></span> <span class='ocrx_word' id='word_1_71' title='bbox 1113 1107 1199 1167; x_wconf 87' lang='lat' dir='ltr'><strong>col-·</strong></span> <span class='ocrx_word' id='word_1_72' title='bbox 1269 1097 1274 1104; x_wconf 77' lang='grc'><em>’</em></span> 
     </span>
     <span class='ocr_line' id='line_1_10' title="bbox 104 1180 1184 1282; baseline 0.002 -32"><span class='ocrx_word' id='word_1_73' title='bbox 104 1188 209 1250; x_wconf 89' lang='lat' dir='ltr'><strong>lectos</strong></span> <span class='ocrx_word' id='word_1_74' title='bbox 236 1187 375 1270; x_wconf 82' lang='lat' dir='ltr'><strong>salutem</strong></span> <span class='ocrx_word' id='word_1_75' title='bbox 391 1185 567 1276; x_wconf 71' lang='lat' dir='ltr'><strong>&#39;adepturos</strong></span> <span class='ocrx_word' id='word_1_76' title='bbox 587 1205 658 1252; x_wconf 87' lang='lat' dir='ltr'><strong>esse</strong></span> <span class='ocrx_word' id='word_1_77' title='bbox 680 1207 778 1275; x_wconf 85' lang='lat' dir='ltr'><strong>supra</strong></span> <span class='ocrx_word' id='word_1_78' title='bbox 797 1180 863 1282; x_wconf 83' lang='lat' dir='ltr'><strong>jam</strong></span> <span class='ocrx_word' id='word_1_79' title='bbox 883 1195 915 1266; x_wconf 86' lang='lat'><strong>5,</strong></span> <span class='ocrx_word' id='word_1_80' title='bbox 933 1197 965 1264; x_wconf 86' lang='lat'><strong>9.</strong></span> <span class='ocrx_word' id='word_1_81' title='bbox 986 1187 1184 1270; x_wconf 85' lang='lat' dir='ltr'><strong>significavit</strong></span> 
     </span>
     <span class='ocr_line' id='line_1_11' title="bbox 105 1270 1183 1360; baseline 0.006 -24"><span class='ocrx_word' id='word_1_82' title='bbox 105 1285 212 1358; x_wconf 77' lang='lat' dir='ltr'><strong>vates.</strong></span> <span class='ocrx_word' id='word_1_83' title='bbox 253 1273 319 1344; x_wconf 88' lang='lat' dir='ltr'><strong>Res</strong></span> <span class='ocrx_word' id='word_1_84' title='bbox 337 1275 451 1360; x_wconf 80' lang='lat' dir='ltr'><strong>¹potius¹</strong></span> <span class='ocrx_word' id='word_1_85' title='bbox 474 1273 521 1358; x_wconf 80' lang='lat' dir='ltr'><strong>sic</strong></span> <span class='ocrx_word' id='word_1_86' title='bbox 543 1270 720 1356; x_wconf 84' lang='lat' dir='ltr'><strong>cogitanda.</strong></span> <span class='ocrx_word' id='word_1_87' title='bbox 762 1271 806 1334; x_wconf 87' lang='lat' dir='ltr'><strong>Ut</strong></span> <span class='ocrx_word' id='word_1_88' title='bbox 833 1273 967 1338; x_wconf 88' lang='lat' dir='ltr'><strong>omnino</strong></span> <span class='ocrx_word' id='word_1_89' title='bbox 989 1273 1183 1356; x_wconf 85' lang='lat' dir='ltr'><strong>religionem</strong></span> 
     </span>
     <span class='ocr_line' id='line_1_12' title="bbox 104 1353 1265 1456; baseline 0.004 -36"><span class='ocrx_word' id='word_1_90' title='bbox 104 1359 316 1424; x_wconf 81' lang='lat' dir='ltr'><strong>christianam</strong></span> <span class='ocrx_word' id='word_1_91' title='bbox 335 1371 459 1424; x_wconf 90' lang='lat' dir='ltr'><strong>constat</strong></span> <span class='ocrx_word' id='word_1_92' title='bbox 472 1360 593 1456; x_wconf 85' lang='lat' dir='ltr'><strong>primis</strong></span> <span class='ocrx_word' id='word_1_93' title='bbox 614 1371 703 1424; x_wconf 89' lang='lat' dir='ltr'><strong>ortus</strong></span> <span class='ocrx_word' id='word_1_94' title='bbox 725 1361 923 1444; x_wconf 69' lang='lat' dir='ltr'><strong>temporibus</strong></span> <span class='ocrx_word' id='word_1_95' title='bbox 943 1353 1089 1444; x_wconf 70' lang='lat' dir='ltr'><strong>judaeam</strong></span> <span class='ocrx_word' id='word_1_96' title='bbox 1103 1383 1183 1447; x_wconf 85' lang='lat' dir='ltr'><strong>spe·¹</strong></span> <span class='ocrx_word' id='word_1_97' title='bbox 1259 1364 1265 1377; x_wconf 82' lang='lat'><em>&#39;</em></span> 
     </span>
     <span class='ocr_line' id='line_1_13' title="bbox 103 1439 1252 1544; baseline 0.002 -36"><span class='ocrx_word' id='word_1_98' title='bbox 103 1445 190 1508; x_wconf 83' lang='lat' dir='ltr'><strong>ciem</strong></span> <span class='ocrx_word' id='word_1_99' title='bbox 209 1467 278 1510; x_wconf 89' lang='lat' dir='ltr'><strong>non</strong></span> <span class='ocrx_word' id='word_1_100' title='bbox 297 1439 410 1510; x_wconf 84' lang='lat' dir='ltr'><strong>statim</strong></span> <span class='ocrx_word' id='word_1_101' title='bbox 430 1446 603 1544; x_wconf 70' lang='lat' dir='ltr'><strong>abjecisse,</strong></span> <span class='ocrx_word' id='word_1_102' title='bbox 625 1443 671 1508; x_wconf 88' lang='lat' dir='ltr'><strong>ita</strong></span> <span class='ocrx_word' id='word_1_103' title='bbox 690 1443 862 1508; x_wconf 85' lang='lat' dir='ltr'><strong>christiani</strong></span> <span class='ocrx_word' id='word_1_104' title='bbox 880 1465 898 1507; x_wconf 89' lang='lat' dir='ltr'><strong>e</strong></span> <span class='ocrx_word' id='word_1_105' title='bbox 913 1447 1087 1526; x_wconf 87' lang='lat' dir='ltr'><strong>gentilibus</strong></span> <span class='ocrx_word' id='word_1_106' title='bbox 1103 1442 1182 1510; x_wconf 86' lang='lat' dir='ltr'><strong>facti</strong></span> <span class='ocrx_word' id='word_1_107' title='bbox 1209 1445 1216 1452; x_wconf 78' lang='grc'><em>”</em></span> <span class='ocrx_word' id='word_1_108' title='bbox 1245 1439 1252 1452; x_wconf 83' lang='grc'><em>’</em></span> 
     </span>
     <span class='ocr_line' id='line_1_14' title="bbox 103 1527 1184 1608; baseline 0.006 -16"><span class='ocrx_word' id='word_1_109' title='bbox 103 1527 206 1594; x_wconf 83' lang='lat' dir='ltr'><strong>simul</strong></span> <span class='ocrx_word' id='word_1_110' title='bbox 231 1529 426 1594; x_wconf 81' lang='lat' dir='ltr'><strong>Judaeorum</strong></span> <span class='ocrx_word' id='word_1_111' title='bbox 457 1553 527 1596; x_wconf 87' lang='lat' dir='ltr'><strong>non</strong></span> <span class='ocrx_word' id='word_1_112' title='bbox 553 1529 669 1608; x_wconf 84' lang='lat' dir='ltr'><strong>fidem,</strong></span> <span class='ocrx_word' id='word_1_113' title='bbox 702 1540 735 1591; x_wconf 90' lang='lat' dir='ltr'><strong>at</strong></span> <span class='ocrx_word' id='word_1_114' title='bbox 760 1527 842 1591; x_wconf 86' lang='lat' dir='ltr'><strong>ritus</strong></span> <span class='ocrx_word' id='word_1_115' title='bbox 873 1540 980 1594; x_wconf 87' lang='lat' dir='ltr'><strong>tamen</strong></span> <span class='ocrx_word' id='word_1_116' title='bbox 1014 1543 1062 1594; x_wconf 65' lang='lat' dir='ltr'><strong>et,</strong></span> <span class='ocrx_word' id='word_1_117' title='bbox 1077 1545 1184 1598; x_wconf 85' lang='lat' dir='ltr'><strong>cetera</strong></span> 
     </span>
     <span class='ocr_line' id='line_1_15' title="bbox 103 1609 1180 1702; baseline 0.004 -26"><span class='ocrx_word' id='word_1_118' title='bbox 103 1609 176 1683; x_wconf 88' lang='lat' dir='ltr'><strong>fere</strong></span> <span class='ocrx_word' id='word_1_119' title='bbox 206 1617 315 1682; x_wconf 83' lang='lat' dir='ltr'><strong>omnia</strong></span> <span class='ocrx_word' id='word_1_120' title='bbox 336 1627 477 1680; x_wconf 83' lang='lat' dir='ltr'><strong>externa.</strong></span> <span class='ocrx_word' id='word_1_121' title='bbox 489 1609 641 1702; x_wconf 80' lang='lat' dir='ltr'><strong>amplecti</strong></span> <span class='ocrx_word' id='word_1_122' title='bbox 661 1615 848 1678; x_wconf 89' lang='lat' dir='ltr'><strong>christianis</strong></span> <span class='ocrx_word' id='word_1_123' title='bbox 870 1611 1053 1680; x_wconf 87' lang='lat' dir='ltr'><strong>doctoribus</strong></span> <span class='ocrx_word' id='word_1_124' title='bbox 1072 1619 1180 1702; x_wconf 88' lang='lat' dir='ltr'><strong>pluri-</strong></span> 
     </span>
     <span class='ocr_line' id='line_1_16' title="bbox 102 1697 1179 1788; baseline 0.004 -24"><span class='ocrx_word' id='word_1_125' title='bbox 102 1697 169 1764; x_wconf 84' lang='lat' dir='ltr'><strong>mis</strong></span> <span class='ocrx_word' id='word_1_126' title='bbox 206 1701 273 1780; x_wconf 80' lang='lat' dir='ltr'><strong>visi</strong></span> <span class='ocrx_word' id='word_1_127' title='bbox 304 1712 390 1766; x_wconf 87' lang='lat' dir='ltr'><strong>sunt.</strong></span> <span class='ocrx_word' id='word_1_128' title='bbox 453 1699 574 1769; x_wconf 79' lang='lat' dir='ltr'><strong>Mansit</strong></span> <span class='ocrx_word' id='word_1_129' title='bbox 604 1710 738 1770; x_wconf 86' lang='lat' dir='ltr'><strong>externa</strong></span> <span class='ocrx_word' id='word_1_130' title='bbox 763 1699 956 1766; x_wconf 66' lang='lat' dir='ltr'><strong>‚ludaeorum</strong></span> <span class='ocrx_word' id='word_1_131' title='bbox 973 1702 1124 1778; x_wconf 80' lang='lat' dir='ltr'><strong>‚conditio</strong></span> <span class='ocrx_word' id='word_1_132' title='bbox 1140 1715 1179 1788; x_wconf 83' lang='lat' dir='ltr'><strong>et</strong></span> 
     </span>
     <span class='ocr_line' id='line_1_17' title="bbox 101 1783 1178 1877; baseline 0.005 -29"><span class='ocrx_word' id='word_1_133' title='bbox 101 1807 243 1877; x_wconf 77' lang='lat' dir='ltr'><strong>nomen,</strong></span> <span class='ocrx_word' id='word_1_134' title='bbox 272 1785 336 1850; x_wconf 85' lang='lat' dir='ltr'><strong>fide</strong></span> <span class='ocrx_word' id='word_1_135' title='bbox 364 1797 496 1852; x_wconf 83' lang='lat' dir='ltr'><strong>mutata.</strong></span> <span class='ocrx_word' id='word_1_136' title='bbox 546 1785 712 1874; x_wconf 87' lang='lat' dir='ltr'><strong>Imprimis</strong></span> <span class='ocrx_word' id='word_1_137' title='bbox 741 1805 819 1848; x_wconf 83' lang='lat' dir='ltr'><strong>vero</strong></span> <span class='ocrx_word' id='word_1_138' title='bbox 850 1783 995 1850; x_wconf 84' lang='lat' dir='ltr'><strong>doctores</strong></span> <span class='ocrx_word' id='word_1_139' title='bbox 1023 1787 1178 1875; x_wconf 81' lang='lat' dir='ltr'><strong>quosdam</strong></span> 
     </span>
     <span class='ocr_line' id='line_1_18' title="bbox 101 1869 1259 1966; baseline 0.005 -34"><span class='ocrx_word' id='word_1_140' title='bbox 101 1871 272 1966; x_wconf 70' lang='lat' dir='ltr'><strong>judaismi¹</strong></span> <span class='ocrx_word' id='word_1_141' title='bbox 285 1873 480 1938; x_wconf 87' lang='lat' dir='ltr'><strong>amantiores</strong></span> <span class='ocrx_word' id='word_1_142' title='bbox 509 1885 634 1936; x_wconf 88' lang='lat' dir='ltr'><strong>constat</strong></span> <span class='ocrx_word' id='word_1_143' title='bbox 663 1869 856 1934; x_wconf 85' lang='lat' dir='ltr'><strong>Judaeorum</strong></span> <span class='ocrx_word' id='word_1_144' title='bbox 885 1873 966 1935; x_wconf 87' lang='lat' dir='ltr'><strong>ritus</strong></span> <span class='ocrx_word' id='word_1_145' title='bbox 994 1883 1027 1935; x_wconf 91' lang='lat' dir='ltr'><strong>et</strong></span> <span class='ocrx_word' id='word_1_146' title='bbox 1056 1895 1178 1940; x_wconf 89' lang='lat' dir='ltr'><strong>nomeu</strong></span> <span class='ocrx_word' id='word_1_147' title='bbox 1255 1903 1259 1912; x_wconf 56' lang='lat'><strong>⁴</strong></span> 
     </span>
     <span class='ocr_line' id='line_1_19' title="bbox 99 1951 1236 2044; baseline 0.004 -26"><span class='ocrx_word' id='word_1_148' title='bbox 99 1980 140 2021; x_wconf 87' lang='lat' dir='ltr'><strong>rn</strong></span> <span class='ocrx_word' id='word_1_149' title='bbox 162 1955 357 2026; x_wconf 84' lang='lat' dir='ltr'><strong>christianos</strong></span> <span class='ocrx_word' id='word_1_150' title='bbox 372 1957 575 2038; x_wconf 85' lang='lat' dir='ltr'><strong>traduxisse,</strong></span> <span class='ocrx_word' id='word_1_151' title='bbox 588 1951 614 2020; x_wconf 84' lang='lat' dir='ltr'><strong>&#39;a</strong></span> <span class='ocrx_word' id='word_1_152' title='bbox 633 1957 747 2044; x_wconf 90' lang='lat' dir='ltr'><strong>quibus</strong></span> <span class='ocrx_word' id='word_1_153' title='bbox 766 1967 803 2018; x_wconf 89' lang='lat' dir='ltr'><strong>ut</strong></span> <span class='ocrx_word' id='word_1_154' title='bbox 819 1955 936 2020; x_wconf 82' lang='lat' dir='ltr'><strong>Paulus</strong></span> <span class='ocrx_word' id='word_1_155' title='bbox 958 1963 991 2020; x_wconf 79' lang='lat' dir='ltr'><strong>et</strong></span> <span class='ocrx_word' id='word_1_156' title='bbox 1010 1956 1176 2028; x_wconf 77' lang='lat' dir='ltr'><strong>lohannes</strong></span> <span class='ocrx_word' id='word_1_157' title='bbox 1234 1992 1236 1998; x_wconf 32' lang='lat' dir='ltr'><strong>r</strong></span> 
     </span>
     <span class='ocr_line' id='line_1_20' title="bbox 44 2039 1177 2134; baseline 0.004 -30"><span class='ocrx_word' id='word_1_158' title='bbox 44 2115 52 2134; x_wconf 30' lang='lat'><strong><em>⁹</em></strong></span> <span class='ocrx_word' id='word_1_159' title='bbox 102 2039 270 2128; x_wconf 81' lang='lat' dir='ltr'><strong>apostolus</strong></span> <span class='ocrx_word' id='word_1_160' title='bbox 296 2043 494 2125; x_wconf 84' lang='lat' dir='ltr'><strong>longissime¹</strong></span> <span class='ocrx_word' id='word_1_161' title='bbox 517 2045 645 2108; x_wconf 88' lang='lat' dir='ltr'><strong>aberant</strong></span> <span class='ocrx_word' id='word_1_162' title='bbox 654 2080 668 2118; x_wconf 43' lang='grc' dir='ltr'><strong>,ι</strong></span> <span class='ocrx_word' id='word_1_163' title='bbox 699 2043 758 2104; x_wconf 83' lang='lat' dir='ltr'><strong>ita·</strong></span> <span class='ocrx_word' id='word_1_164' title='bbox 775 2053 882 2104; x_wconf 86' lang='lat' dir='ltr'><strong>vatem</strong></span> <span class='ocrx_word' id='word_1_165' title='bbox 902 2055 1049 2106; x_wconf 87' lang='lat' dir='ltr'><strong>nostrum</strong></span> <span class='ocrx_word' id='word_1_166' title='bbox 1068 2044 1177 2108; x_wconf 89' lang='lat' dir='ltr'><strong>minus</strong></span> 
     </span>
     <span class='ocr_line' id='line_1_21' title="bbox 101 2123 1235 2205; baseline 0.004 -15"><span class='ocrx_word' id='word_1_167' title='bbox 101 2131 245 2193; x_wconf 90' lang='lat' dir='ltr'><strong>alienum</strong></span> <span class='ocrx_word' id='word_1_168' title='bbox 274 2124 344 2194; x_wconf 80' lang='lat' dir='ltr'><strong>esse</strong></span> <span class='ocrx_word' id='word_1_169' title='bbox 374 2140 443 2192; x_wconf 89' lang='lat' dir='ltr'><strong>tota</strong></span> <span class='ocrx_word' id='word_1_170' title='bbox 463 2129 541 2192; x_wconf 85' lang='lat' dir='ltr'><strong>libri</strong></span> <span class='ocrx_word' id='word_1_171' title='bbox 560 2123 878 2200; x_wconf 79' lang='lat' dir='ltr'><strong>indoles&#39;monstrat.</strong></span> <span class='ocrx_word' id='word_1_172' title='bbox 941 2125 1002 2190; x_wconf 89' lang='lat' dir='ltr'><strong>His</strong></span> <span class='ocrx_word' id='word_1_173' title='bbox 1024 2130 1175 2196; x_wconf 78' lang='lat' dir='ltr'><strong>externae</strong></span> <span class='ocrx_word' id='word_1_174' title='bbox 1233 2197 1235 2205; x_wconf 25' lang='lat' dir='ltr'><em>s</em></span> 
     </span>
     <span class='ocr_line' id='line_1_22' title="bbox 105 2207 1175 2294; baseline 0.002 -18"><span class='ocrx_word' id='word_1_175' title='bbox 105 2207 254 2278; x_wconf 76' lang='lat' dir='ltr'><strong>&#39;udaismi</strong></span> <span class='ocrx_word' id='word_1_176' title='bbox 274 2209 401 2294; x_wconf 63' lang='lat' dir='ltr'><strong>formaev</strong></span> <span class='ocrx_word' id='word_1_177' title='bbox 418 2209 596 2278; x_wconf 81' lang='lat' dir='ltr'><strong>fautoribus</strong></span> <span class='ocrx_word' id='word_1_178' title='bbox 613 2211 689 2278; x_wconf 72' lang='lat' dir='ltr'><strong>,curn</strong></span> <span class='ocrx_word' id='word_1_179' title='bbox 697 2209 875 2281; x_wconf 87' lang='lat' dir='ltr'><strong>Christiani</strong></span> <span class='ocrx_word' id='word_1_180' title='bbox 886 2233 903 2273; x_wconf 91' lang='lat' dir='ltr'><strong>e</strong></span> <span class='ocrx_word' id='word_1_181' title='bbox 916 2214 1091 2294; x_wconf 84' lang='lat' dir='ltr'><strong>gentilibus</strong></span> <span class='ocrx_word' id='word_1_182' title='bbox 1105 2217 1175 2278; x_wconf 91' lang='lat' dir='ltr'><strong>col-</strong></span> 
     </span>
     <span class='ocr_line' id='line_1_23' title="bbox 99 2234 1208 2380; baseline -0.001 -15"><span class='ocrx_word' id='word_1_183' title='bbox 99 2234 184 2365; x_wconf 72' lang='lat' dir='ltr'><strong>decti</strong></span> <span class='ocrx_word' id='word_1_184' title='bbox 213 2300 309 2362; x_wconf 88' lang='lat' dir='ltr'><strong>simul</strong></span> <span class='ocrx_word' id='word_1_185' title='bbox 338 2299 374 2362; x_wconf 90' lang='lat' dir='ltr'><strong>in</strong></span> <span class='ocrx_word' id='word_1_186' title='bbox 393 2299 595 2380; x_wconf 73' lang='lat' dir='ltr'><strong>¹ludaeorum</strong></span> <span class='ocrx_word' id='word_1_187' title='bbox 624 2300 745 2360; x_wconf 89' lang='lat' dir='ltr'><strong>rituum</strong></span> <span class='ocrx_word' id='word_1_188' title='bbox 765 2309 798 2360; x_wconf 88' lang='lat' dir='ltr'><strong>et</strong></span> <span class='ocrx_word' id='word_1_189' title='bbox 818 2297 965 2360; x_wconf 89' lang='lat' dir='ltr'><strong>nominis</strong></span> <span class='ocrx_word' id='word_1_190' title='bbox 987 2301 1175 2364; x_wconf 87' lang='lat' dir='ltr'><strong>societatem</strong></span> <span class='ocrx_word' id='word_1_191' title='bbox 1207 2345 1208 2350; x_wconf 21' lang='grc' dir='ltr'><strong>κ</strong></span> 
     </span>
     <span class='ocr_line' id='line_1_24' title="bbox 99 2379 1184 2472; baseline -0.003 -20"><span class='ocrx_word' id='word_1_192' title='bbox 99 2385 150 2452; x_wconf 86' lang='lat' dir='ltr'><strong>sic</strong></span> <span class='ocrx_word' id='word_1_193' title='bbox 169 2385 272 2471; x_wconf 87' lang='lat' dir='ltr'><strong>recipi</strong></span> <span class='ocrx_word' id='word_1_194' title='bbox 294 2384 496 2462; x_wconf 84' lang='lat' dir='ltr'><strong>viderentur,</strong></span> <span class='ocrx_word' id='word_1_195' title='bbox 517 2397 563 2472; x_wconf 81' lang='lat' dir='ltr'><strong>ut</strong></span> <span class='ocrx_word' id='word_1_196' title='bbox 574 2407 647 2449; x_wconf 90' lang='lat' dir='ltr'><strong>cum</strong></span> <span class='ocrx_word' id='word_1_197' title='bbox 665 2385 807 2446; x_wconf 83' lang='lat' dir='ltr'><strong>tribubus</strong></span> <span class='ocrx_word' id='word_1_198' title='bbox 826 2379 995 2450; x_wconf 88' lang='lat' dir='ltr'><strong>duodecim</strong></span> <span class='ocrx_word' id='word_1_199' title='bbox 1014 2383 1184 2470; x_wconf 70' lang='lat' dir='ltr'><strong>Israeliti-¹</strong></span> 
     </span>
     <span class='ocr_line' id='line_1_25' title="bbox 100 2466 1202 2556; baseline -0.003 -19"><span class='ocrx_word' id='word_1_200' title='bbox 100 2473 149 2537; x_wconf 89' lang='lat' dir='ltr'><strong>cis</strong></span> <span class='ocrx_word' id='word_1_201' title='bbox 177 2493 236 2556; x_wconf 82' lang='lat' dir='ltr'><strong>per</strong></span> <span class='ocrx_word' id='word_1_202' title='bbox 256 2481 362 2534; x_wconf 85' lang='lat' dir='ltr'><strong>totum</strong></span> <span class='ocrx_word' id='word_1_203' title='bbox 381 2466 449 2534; x_wconf 87' lang='lat' dir='ltr'><strong>fere</strong></span> <span class='ocrx_word' id='word_1_204' title='bbox 473 2483 629 2548; x_wconf 81' lang='lat' dir='ltr'><strong>terrarum</strong></span> <span class='ocrx_word' id='word_1_205' title='bbox 657 2471 786 2545; x_wconf 86' lang='lat' dir='ltr'><strong>orbem,</strong></span> <span class='ocrx_word' id='word_1_206' title='bbox 818 2479 854 2530; x_wconf 91' lang='lat' dir='ltr'><strong>ut</strong></span> <span class='ocrx_word' id='word_1_207' title='bbox 887 2468 1071 2548; x_wconf 85' lang='lat' dir='ltr'><strong>videbatur,</strong></span> <span class='ocrx_word' id='word_1_208' title='bbox 1103 2471 1202 2534; x_wconf 79' lang='lat' dir='ltr'><strong>dis-&#39;¹</strong></span> 
     </span>
     <span class='ocr_line' id='line_1_26' title="bbox 99 2543 1175 2646; baseline -0.004 -26"><span class='ocrx_word' id='word_1_209' title='bbox 99 2562 208 2646; x_wconf 89' lang='lat' dir='ltr'><strong>persis</strong></span> <span class='ocrx_word' id='word_1_210' title='bbox 229 2549 463 2634; x_wconf 48' lang='lat' dir='ltr'><strong>‘coalescerenn</strong></span> <span class='ocrx_word' id='word_1_211' title='bbox 492 2554 579 2618; x_wconf 92' lang='lat' dir='ltr'><strong>haud</strong></span> <span class='ocrx_word' id='word_1_212' title='bbox 606 2553 725 2618; x_wconf 85' lang='lat' dir='ltr'><strong>mirum</strong></span> <span class='ocrx_word' id='word_1_213' title='bbox 743 2543 844 2630; x_wconf 70' lang='lat' dir='ltr'><strong>sane,</strong></span> <span class='ocrx_word' id='word_1_214' title='bbox 873 2553 959 2640; x_wconf 92' lang='lat' dir='ltr'><strong>quod</strong></span> <span class='ocrx_word' id='word_1_215' title='bbox 988 2561 1024 2622; x_wconf 82' lang='grc' dir='ltr'><strong>αἱ</strong></span> <span class='ocrx_word' id='word_1_216' title='bbox 1051 2547 1175 2626; x_wconf 61' lang='grc' dir='ltr'><em>δώδεκα</em></span> 
     </span>
     <span class='ocr_line' id='line_1_27' title="bbox 100 2632 1174 2731; baseline -0.006 -21"><span class='ocrx_word' id='word_1_217' title='bbox 100 2633 333 2731; x_wconf 71' lang='grc' dir='ltr'><strong><em>φυλαί,νθΙὴ</em></strong></span> <span class='ocrx_word' id='word_1_218' title='bbox 362 2632 527 2731; x_wconf 76' lang='grc' dir='ltr'><strong><em>διασπορά</em></strong></span> <span class='ocrx_word' id='word_1_219' title='bbox 562 2661 793 2727; x_wconf 87' lang='lat' dir='ltr'><strong>nonnunquam</strong></span> <span class='ocrx_word' id='word_1_220' title='bbox 823 2640 1019 2704; x_wconf 86' lang='lat' dir='ltr'><strong>christianos</strong></span> <span class='ocrx_word' id='word_1_221' title='bbox 1051 2663 1174 2719; x_wconf 80' lang='lat' dir='ltr'><strong>omnes,</strong></span> 
     </span>
     <span class='ocr_line' id='line_1_28' title="bbox 98 2723 1175 2813; baseline -0.001 -22"><span class='ocrx_word' id='word_1_222' title='bbox 98 2725 377 2804; x_wconf 68' lang='lat' dir='ltr'><strong>insectatoris,</strong></span> <span class='ocrx_word' id='word_1_223' title='bbox 421 2727 477 2813; x_wconf 85' lang='lat' dir='ltr'><strong>qui</strong></span> <span class='ocrx_word' id='word_1_224' title='bbox 510 2725 610 2812; x_wconf 89' lang='lat' dir='ltr'><strong>primi</strong></span> <span class='ocrx_word' id='word_1_225' title='bbox 637 2737 678 2794; x_wconf 78' lang='lat' dir='ltr'><strong>et·</strong></span> <span class='ocrx_word' id='word_1_226' title='bbox 697 2723 881 2810; x_wconf 84' lang='lat' dir='ltr'><strong>potissimi,</strong></span> <span class='ocrx_word' id='word_1_227' title='bbox 920 2725 1036 2787; x_wconf 86' lang='lat' dir='ltr'><strong>radicis</strong></span> <span class='ocrx_word' id='word_1_228' title='bbox 1070 2727 1175 2791; x_wconf 89' lang='lat' dir='ltr'><strong>instar</strong></span> 
     </span>
     <span class='ocr_line' id='line_1_29' title="bbox 98 2805 1177 2898; baseline -0.002 -22"><span class='ocrx_word' id='word_1_229' title='bbox 98 2809 276 2890; x_wconf 80' lang='lat' dir='ltr'><strong>foecundae</strong></span> <span class='ocrx_word' id='word_1_230' title='bbox 305 2808 415 2898; x_wconf 86' lang='lat' dir='ltr'><strong>(Rom.</strong></span> <span class='ocrx_word' id='word_1_231' title='bbox 429 2823 479 2887; x_wconf 83' lang='grc'><strong>11,</strong></span> <span class='ocrx_word' id='word_1_232' title='bbox 504 2805 646 2894; x_wconf 80' lang='lat'>16-21.)‚</span> <span class='ocrx_word' id='word_1_233' title='bbox 678 2811 784 2872; x_wconf 87' lang='lat' dir='ltr'><strong>habiti</strong></span> <span class='ocrx_word' id='word_1_234' title='bbox 811 2821 904 2885; x_wconf 88' lang='lat' dir='ltr'><strong>sunt,</strong></span> <span class='ocrx_word' id='word_1_235' title='bbox 940 2821 1010 2874; x_wconf 89' lang='lat' dir='ltr'><strong>tum</strong></span> <span class='ocrx_word' id='word_1_236' title='bbox 1035 2814 1177 2891; x_wconf 82' lang='lat' dir='ltr'><strong>gentiles</strong></span> 
     </span>
     <span class='ocr_line' id='line_1_30' title="bbox 98 2893 1173 2981; baseline -0.001 -20"><span class='ocrx_word' id='word_1_237' title='bbox 98 2899 155 2961; x_wconf 90' lang='lat' dir='ltr'><strong>his</strong></span> <span class='ocrx_word' id='word_1_238' title='bbox 183 2899 324 2977; x_wconf 83' lang='lat' dir='ltr'><strong>insertos</strong></span> <span class='ocrx_word' id='word_1_239' title='bbox 353 2897 547 2977; x_wconf 79' lang='lat' dir='ltr'><strong>significant.</strong></span> <span class='ocrx_word' id='word_1_240' title='bbox 597 2895 770 2960; x_wconf 84' lang='lat' dir='ltr'><strong>Testantur</strong></span> <span class='ocrx_word' id='word_1_241' title='bbox 791 2893 826 2956; x_wconf 91' lang='lat' dir='ltr'><strong>id</strong></span> <span class='ocrx_word' id='word_1_242' title='bbox 847 2894 957 2957; x_wconf 84' lang='lat' dir='ltr'><strong>Jacobi</strong></span> <span class='ocrx_word' id='word_1_243' title='bbox 978 2897 1118 2981; x_wconf 87' lang='lat' dir='ltr'><strong>epistola</strong></span> <span class='ocrx_word' id='word_1_244' title='bbox 1139 2911 1173 2960; x_wconf 89' lang='lat' dir='ltr'><strong>et</strong></span> 
     </span>
     <span class='ocr_line' id='line_1_31' title="bbox 98 2977 1186 3074; baseline -0.002 -26"><span class='ocrx_word' id='word_1_245' title='bbox 98 2984 190 3062; x_wconf 87' lang='lat' dir='ltr'><strong>Petri</strong></span> <span class='ocrx_word' id='word_1_246' title='bbox 207 2984 298 3069; x_wconf 88' lang='lat' dir='ltr'><strong>prior</strong></span> <span class='ocrx_word' id='word_1_247' title='bbox 319 2977 398 3069; x_wconf 84' lang='lat' dir='ltr'><strong>(Jac.</strong></span> <span class='ocrx_word' id='word_1_248' title='bbox 420 2993 449 3057; x_wconf 87' lang='lat'><strong>1,</strong></span> <span class='ocrx_word' id='word_1_249' title='bbox 473 2994 502 3050; x_wconf 87' lang='lat'><strong>1.</strong></span> <span class='ocrx_word' id='word_1_250' title='bbox 525 2979 666 3062; x_wconf 66' lang='grc'><strong>117111,</strong></span> <span class='ocrx_word' id='word_1_251' title='bbox 689 2977 751 3062; x_wconf 85' lang='grc'><strong>1.),</strong></span> <span class='ocrx_word' id='word_1_252' title='bbox 780 3001 858 3066; x_wconf 86' lang='lat' dir='ltr'><strong>quae</strong></span> <span class='ocrx_word' id='word_1_253' title='bbox 881 3003 1060 3074; x_wconf 83' lang='lat' dir='ltr'><strong>quanquam</strong></span> <span class='ocrx_word' id='word_1_254' title='bbox 1081 2977 1186 3046; x_wconf 68' lang='lat' dir='ltr'><strong>chri-¹</strong></span> 
     </span>
     <span class='ocr_line' id='line_1_32' title="bbox 28 3067 1243 3157; baseline -0.001 -24"><span class='ocrx_word' id='word_1_255' title='bbox 28 3131 35 3144; x_wconf 84' lang='grc'><strong>,</strong></span> <span class='ocrx_word' id='word_1_256' title='bbox 97 3071 278 3133; x_wconf 87' lang='lat' dir='ltr'><strong>stianorum</strong></span> <span class='ocrx_word' id='word_1_257' title='bbox 309 3067 412 3148; x_wconf 88' lang='lat' dir='ltr'><strong>magis</strong></span> <span class='ocrx_word' id='word_1_258' title='bbox 441 3067 628 3154; x_wconf 41' lang='lat' dir='ltr'><strong>gentilium,</strong></span> <span class='ocrx_word' id='word_1_259' title='bbox 643 3067 752 3157; x_wconf 57' lang='lat' dir='ltr'><strong>uqbus</strong></span> <span class='ocrx_word' id='word_1_260' title='bbox 787 3068 1001 3128; x_wconf 79' lang='lat' dir='ltr'><strong>inserviturus</strong></span> <span class='ocrx_word' id='word_1_261' title='bbox 1034 3071 1172 3154; x_wconf 86' lang='lat' dir='ltr'><strong>scriptae</strong></span> <span class='ocrx_word' id='word_1_262' title='bbox 1239 3087 1243 3093; x_wconf 73' lang='grc'><strong>’·</strong></span> 
     </span>
     <span class='ocr_line' id='line_1_33' title="bbox 97 3087 1171 3235; baseline -0.004 -16"><span class='ocrx_word' id='word_1_263' title='bbox 97 3165 175 3219; x_wconf 88' lang='lat' dir='ltr'><strong>sunt</strong></span> <span class='ocrx_word' id='word_1_264' title='bbox 197 3153 249 3233; x_wconf 77' lang='lat'><strong>¹),</strong></span> <span class='ocrx_word' id='word_1_265' title='bbox 279 3153 315 3216; x_wconf 91' lang='lat' dir='ltr'><strong>in</strong></span> <span class='ocrx_word' id='word_1_266' title='bbox 347 3148 455 3216; x_wconf 82' lang='lat' dir='ltr'><strong>fronte</strong></span> <span class='ocrx_word' id='word_1_267' title='bbox 480 3164 592 3215; x_wconf 74' lang='lat' dir='ltr'><strong>,tamen</strong></span> <span class='ocrx_word' id='word_1_268' title='bbox 618 3087 758 3235; x_wconf 68' lang='lat' dir='ltr'><strong>tribuum</strong></span> <span class='ocrx_word' id='word_1_269' title='bbox 777 3149 1026 3216; x_wconf 75' lang='lat' dir='ltr'><strong>israeliticarum</strong></span> <span class='ocrx_word' id='word_1_270' title='bbox 1048 3153 1171 3216; x_wconf 90' lang='lat' dir='ltr'><strong>duode-</strong></span> 
     </span>
     <span class='ocr_line' id='line_1_34' title="bbox 97 3219 1190 3326; baseline -0.005 -25"><span class='ocrx_word' id='word_1_271' title='bbox 97 3239 164 3304; x_wconf 87' lang='lat' dir='ltr'><strong>cim</strong></span> <span class='ocrx_word' id='word_1_272' title='bbox 190 3241 244 3300; x_wconf 87' lang='lat' dir='ltr'><strong>vel</strong></span> <span class='ocrx_word' id='word_1_273' title='bbox 273 3231 467 3324; x_wconf 82' lang='lat' dir='ltr'><strong>ludaeorum</strong></span> <span class='ocrx_word' id='word_1_274' title='bbox 494 3219 714 3326; x_wconf 76' lang='lat' dir='ltr'><strong>disper-solum</strong></span> <span class='ocrx_word' id='word_1_275' title='bbox 745 3259 866 3300; x_wconf 89' lang='lat' dir='ltr'><strong>nomen</strong></span> <span class='ocrx_word' id='word_1_276' title='bbox 895 3225 1027 3322; x_wconf 72' lang='lat' dir='ltr'><strong>praese</strong></span> <span class='ocrx_word' id='word_1_277' title='bbox 1049 3231 1169 3316; x_wconf 85' lang='lat' dir='ltr'><strong>ferunt.</strong></span> <span class='ocrx_word' id='word_1_278' title='bbox 1183 3291 1190 3324; x_wconf 19' lang='grc' dir='ltr'><strong>ἢ,</strong></span> 
     </span>
     <span class='ocr_line' id='line_1_35' title="bbox 96 3319 1214 3409; baseline -0.003 -19"><span class='ocrx_word' id='word_1_279' title='bbox 96 3323 259 3390; x_wconf 87' lang='lat' dir='ltr'><strong>Similiter</strong></span> <span class='ocrx_word' id='word_1_280' title='bbox 280 3322 449 3389; x_wconf 87' lang='lat' dir='ltr'><strong>duodecim</strong></span> <span class='ocrx_word' id='word_1_281' title='bbox 469 3319 588 3397; x_wconf 82' lang='lat' dir='ltr'><strong>tribus,</strong></span> <span class='ocrx_word' id='word_1_282' title='bbox 613 3324 691 3408; x_wconf 92' lang='lat' dir='ltr'><strong>quip</strong></span> <span class='ocrx_word' id='word_1_283' title='bbox 717 3343 734 3382; x_wconf 90' lang='lat' dir='ltr'><strong>e</strong></span> <span class='ocrx_word' id='word_1_284' title='bbox 756 3344 773 3384; x_wconf 90' lang='lat' dir='ltr'><strong>a</strong></span> <span class='ocrx_word' id='word_1_285' title='bbox 795 3319 908 3407; x_wconf 88' lang='lat' dir='ltr'><strong>quibus</strong></span> <span class='ocrx_word' id='word_1_286' title='bbox 927 3322 1013 3384; x_wconf 89' lang='lat' dir='ltr'><strong>salus</strong></span> <span class='ocrx_word' id='word_1_287' title='bbox 1035 3323 1186 3409; x_wconf 88' lang='lat' dir='ltr'><strong>prodeat-</strong></span> <span class='ocrx_word' id='word_1_288' title='bbox 1210 3319 1214 3330; x_wconf 50' lang='lat'>‘</span> 
     </span>
     <span class='ocr_line' id='line_1_36' title="bbox 96 3345 1246 3504; baseline -0.002 -28"><span class='ocrx_word' id='word_1_289' title='bbox 96 3424 132 3476; x_wconf 90' lang='lat' dir='ltr'><strong>et</strong></span> <span class='ocrx_word' id='word_1_290' title='bbox 152 3411 188 3474; x_wconf 91' lang='lat' dir='ltr'><strong>in</strong></span> <span class='ocrx_word' id='word_1_291' title='bbox 203 3417 279 3496; x_wconf 79' lang='lat' dir='ltr'><strong>quas</strong></span> <span class='ocrx_word' id='word_1_292' title='bbox 301 3411 400 3474; x_wconf 86' lang='lat' dir='ltr'><strong>ceteri</strong></span> <span class='ocrx_word' id='word_1_293' title='bbox 420 3429 532 3470; x_wconf 90' lang='lat' dir='ltr'><strong>omues</strong></span> <span class='ocrx_word' id='word_1_294' title='bbox 554 3345 824 3492; x_wconf 73' lang='lat' dir='ltr'><strong>adoptandisint,</strong></span> <span class='ocrx_word' id='word_1_295' title='bbox 844 3407 880 3468; x_wconf 89' lang='lat' dir='ltr'><strong>iu</strong></span> <span class='ocrx_word' id='word_1_296' title='bbox 900 3389 1014 3504; x_wconf 68' lang='lat' dir='ltr'><strong>judicii</strong></span> <span class='ocrx_word' id='word_1_297' title='bbox 1035 3410 1169 3474; x_wconf 85' lang='lat' dir='ltr'><strong>uuiver—</strong></span> <span class='ocrx_word' id='word_1_298' title='bbox 1239 3437 1246 3444; x_wconf 74' lang='grc'><strong>-</strong></span> 
     </span>
    </p>
   </div>
   <div class='ocr_carea' id='block_1_5' title="bbox 95 3491 1279 3572">
    <p class='ocr_par' dir='ltr' id='par_1_5' title="bbox 95 3491 1279 3572">
     <span class='ocr_line' id='line_1_37' title="bbox 95 3491 1279 3572; baseline -0.01 -12"><span class='ocrx_word' id='word_1_299' title='bbox 95 3497 175 3560; x_wconf 88' lang='lat' dir='ltr'><strong>salis</strong></span> <span class='ocrx_word' id='word_1_300' title='bbox 191 3495 358 3561; x_wconf 87' lang='lat' dir='ltr'><strong>mentione</strong></span> <span class='ocrx_word' id='word_1_301' title='bbox 378 3493 493 3555; x_wconf 89' lang='lat' dir='ltr'><strong>obviae</strong></span> <span class='ocrx_word' id='word_1_302' title='bbox 513 3502 586 3554; x_wconf 86' lang='lat' dir='ltr'><strong>sunt</strong></span> <span class='ocrx_word' id='word_1_303' title='bbox 607 3491 724 3554; x_wconf 85' lang='lat' dir='ltr'><strong>Matth.</strong></span> <span class='ocrx_word' id='word_1_304' title='bbox 742 3501 791 3568; x_wconf 83' lang='lat'><strong>19,</strong></span> <span class='ocrx_word' id='word_1_305' title='bbox 808 3503 861 3564; x_wconf 73' lang='lat'><strong>28.</strong></span> <span class='ocrx_word' id='word_1_306' title='bbox 883 3491 958 3554; x_wconf 87' lang='lat' dir='ltr'><strong>Luc.</strong></span> <span class='ocrx_word' id='word_1_307' title='bbox 979 3502 1030 3568; x_wconf 73' lang='lat'><strong>22,</strong></span> <span class='ocrx_word' id='word_1_308' title='bbox 1050 3503 1102 3563; x_wconf 85' lang='lat'><strong>30.</strong></span> <span class='ocrx_word' id='word_1_309' title='bbox 1124 3529 1168 3542; x_wconf 85' lang='lat'><em>-</em></span> <span class='ocrx_word' id='word_1_310' title='bbox 1275 3560 1279 3572; x_wconf 73' lang='lat'>,</span> 
     </span>
    </p>
   </div>
   <div class='ocr_carea' id='block_1_6' title="bbox 68 3569 1168 3752">
    <p class='ocr_par' dir='ltr' id='par_1_6' title="bbox 68 3569 1168 3752">
     <span class='ocr_line' id='line_1_38' title="bbox 68 3569 1168 3662; baseline -0.003 -18"><span class='ocrx_word' id='word_1_311' title='bbox 68 3573 286 3662; x_wconf 59' lang='lat' dir='ltr'><strong>&#39;2)»Numeri</strong></span> <span class='ocrx_word' id='word_1_312' title='bbox 317 3577 386 3642; x_wconf 83' lang='lat' dir='ltr'><strong>ficti</strong></span> <span class='ocrx_word' id='word_1_313' title='bbox 414 3579 560 3642; x_wconf 92' lang='lat' dir='ltr'><strong>indolem</strong></span> <span class='ocrx_word' id='word_1_314' title='bbox 588 3572 684 3640; x_wconf 81' lang='lat' dir='ltr'><strong>facile</strong></span> <span class='ocrx_word' id='word_1_315' title='bbox 716 3569 881 3657; x_wconf 80' lang='lat' dir='ltr'><strong>agnoscas.</strong></span> <span class='ocrx_word' id='word_1_316' title='bbox 934 3573 961 3640; x_wconf 90' lang='lat' dir='ltr'><strong>E</strong></span> <span class='ocrx_word' id='word_1_317' title='bbox 988 3573 1168 3641; x_wconf 80' lang='lat' dir='ltr'><strong>duodecim</strong></span> 
     </span>
     <span class='ocr_line' id='line_1_39' title="bbox 93 3656 1168 3752; baseline -0.003 -23"><span class='ocrx_word' id='word_1_318' title='bbox 93 3669 253 3730; x_wconf 89' lang='lat' dir='ltr'><strong>tribuum.</strong></span> <span class='ocrx_word' id='word_1_319' title='bbox 268 3661 415 3752; x_wconf 85' lang='lat' dir='ltr'><strong>(quarum</strong></span> <span class='ocrx_word' id='word_1_320' title='bbox 444 3656 598 3750; x_wconf 86' lang='lat' dir='ltr'><strong>quaedam</strong></span> <span class='ocrx_word' id='word_1_321' title='bbox 619 3661 738 3726; x_wconf 89' lang='lat' dir='ltr'><strong>dudum</strong></span> <span class='ocrx_word' id='word_1_322' title='bbox 757 3659 918 3725; x_wconf 87' lang='lat' dir='ltr'><strong>Johannis</strong></span> <span class='ocrx_word' id='word_1_323' title='bbox 940 3673 1083 3748; x_wconf 90' lang='lat' dir='ltr'><strong>tempere</strong></span> <span class='ocrx_word' id='word_1_324' title='bbox 1105 3685 1168 3726; x_wconf 83' lang='lat' dir='ltr'><strong>ex-</strong></span> 
     </span>
    </p>
   </div>
   <div class='ocr_carea' id='block_1_7' title="bbox 1 3745 1167 3824">
    <p class='ocr_par' dir='ltr' id='par_1_7' title="bbox 1 3745 1167 3824">
     <span class='ocr_line' id='line_1_40' title="bbox 1 3745 1167 3824; baseline -0.004 -9"><span class='ocrx_word' id='word_1_325' title='bbox 1 3801 2 3806; x_wconf 30' lang='grc'><strong>.</strong></span> <span class='ocrx_word' id='word_1_326' title='bbox 92 3753 232 3815; x_wconf 87' lang='lat' dir='ltr'><strong>stinctae</strong></span> <span class='ocrx_word' id='word_1_327' title='bbox 258 3762 349 3812; x_wconf 89' lang='lat' dir='ltr'><strong>erant</strong></span> <span class='ocrx_word' id='word_1_328' title='bbox 376 3750 491 3812; x_wconf 86' lang='lat' dir='ltr'><strong>saltem</strong></span> <span class='ocrx_word' id='word_1_329' title='bbox 520 3745 657 3810; x_wconf 83' lang='lat' dir='ltr'><strong>nomine</strong></span> <span class='ocrx_word' id='word_1_330' title='bbox 684 3761 794 3824; x_wconf 87' lang='lat' dir='ltr'><strong>tenus,</strong></span> <span class='ocrx_word' id='word_1_331' title='bbox 829 3759 861 3810; x_wconf 91' lang='lat' dir='ltr'><strong>at</strong></span> <span class='ocrx_word' id='word_1_332' title='bbox 888 3749 943 3810; x_wconf 88' lang='lat' dir='ltr'><strong>hic</strong></span> <span class='ocrx_word' id='word_1_333' title='bbox 971 3747 1008 3809; x_wconf 94' lang='lat' dir='ltr'><strong>in</strong></span> <span class='ocrx_word' id='word_1_334' title='bbox 1035 3768 1167 3811; x_wconf 89' lang='lat' dir='ltr'><strong>recensu</strong></span> 
     </span>
    </p>
   </div>
   <div class='ocr_carea' id='block_1_8' title="bbox 91 3829 1221 4092">
    <p class='ocr_par' dir='ltr' id='par_1_8' title="bbox 91 3829 1221 4092">
     <span class='ocr_line' id='line_1_41' title="bbox 93 3829 1165 3932; baseline -0.006 -32"><span class='ocrx_word' id='word_1_335' title='bbox 93 3857 207 3900; x_wconf 89' lang='lat' dir='ltr'><strong>omnes</strong></span> <span class='ocrx_word' id='word_1_336' title='bbox 226 3829 353 3932; x_wconf 81' lang='lat' dir='ltr'><strong>junctae</strong></span> <span class='ocrx_word' id='word_1_337' title='bbox 374 3844 559 3920; x_wconf 88' lang='lat' dir='ltr'><strong>comparent</strong></span> <span class='ocrx_word' id='word_1_338' title='bbox 580 3854 623 3894; x_wconf 84' lang='lat' dir='ltr'><strong>ex</strong></span> <span class='ocrx_word' id='word_1_339' title='bbox 643 3843 826 3916; x_wconf 89' lang='lat' dir='ltr'><strong>temporum</strong></span> <span class='ocrx_word' id='word_1_340' title='bbox 840 3845 984 3896; x_wconf 81' lang='lat' dir='ltr'><strong>veterum</strong></span> <span class='ocrx_word' id='word_1_341' title='bbox 995 3829 1165 3922; x_wconf 87' lang='lat' dir='ltr'><strong>memoria)</strong></span> 
     </span>
     <span class='ocr_line' id='line_1_42' title="bbox 91 3917 1221 4011; baseline -0.009 -27"><span class='ocrx_word' id='word_1_342' title='bbox 91 3943 216 4011; x_wconf 89' lang='lat' dir='ltr'><strong>quaque</strong></span> <span class='ocrx_word' id='word_1_343' title='bbox 238 3917 418 3984; x_wconf 82' lang='lat' dir='ltr'><strong>duodecim</strong></span> <span class='ocrx_word' id='word_1_344' title='bbox 437 3917 544 3984; x_wconf 85' lang='lat' dir='ltr'><strong>millia</strong></span> <span class='ocrx_word' id='word_1_345' title='bbox 565 3917 660 3980; x_wconf 88' lang='lat' dir='ltr'><strong>electi</strong></span> <span class='ocrx_word' id='word_1_346' title='bbox 680 3928 863 3996; x_wconf 88' lang='lat' dir='ltr'><strong>servantur,</strong></span> <span class='ocrx_word' id='word_1_347' title='bbox 885 3917 970 4004; x_wconf 85' lang='lat' dir='ltr'><strong>quod</strong></span> <span class='ocrx_word' id='word_1_348' title='bbox 991 3937 1089 4004; x_wconf 90' lang='lat' dir='ltr'><strong>aeque</strong></span> <span class='ocrx_word' id='word_1_349' title='bbox 1106 3939 1165 4003; x_wconf 87' lang='lat' dir='ltr'><strong>per</strong></span> <span class='ocrx_word' id='word_1_350' title='bbox 1219 3967 1221 3974; x_wconf 58' lang='grc'><strong>.</strong></span> 
     </span>
     <span class='ocr_line' id='line_1_43' title="bbox 92 3999 1175 4092; baseline -0.004 -20"><span class='ocrx_word' id='word_1_351' title='bbox 92 4029 207 4076; x_wconf 83' lang='lat' dir='ltr'><strong>ormres</strong></span> <span class='ocrx_word' id='word_1_352' title='bbox 224 4015 336 4070; x_wconf 84' lang='lat' dir='ltr'><strong>&#39;ratum</strong></span> <span class='ocrx_word' id='word_1_353' title='bbox 357 3999 429 4067; x_wconf 90' lang='lat' dir='ltr'><strong>sore</strong></span> <span class='ocrx_word' id='word_1_354' title='bbox 448 4001 564 4068; x_wconf 88' lang='lat' dir='ltr'><strong>deinde</strong></span> <span class='ocrx_word' id='word_1_355' title='bbox 585 4003 622 4090; x_wconf 92' lang='lat' dir='ltr'><strong>in</strong></span> <span class='ocrx_word' id='word_1_356' title='bbox 642 4003 780 4084; x_wconf 86' lang='lat' dir='ltr'><strong>singulis</strong></span> <span class='ocrx_word' id='word_1_357' title='bbox 801 4001 1025 4070; x_wconf 85' lang='lat' dir='ltr'><strong>enumerandis</strong></span> <span class='ocrx_word' id='word_1_358' title='bbox 1045 4005 1175 4092; x_wconf 83' lang='lat' dir='ltr'><strong>proba-·</strong></span> 
     </span>
    </p>
   </div>
   <div class='ocr_carea' id='block_1_9' title="bbox 125 4157 858 4236">
    <p class='ocr_par' dir='ltr' id='par_1_9' title="bbox 125 4157 858 4236">
     <span class='ocr_line' id='line_1_44' title="bbox 125 4157 858 4236; baseline -0.008 -15"><span class='ocrx_word' id='word_1_359' title='bbox 125 4164 163 4236; x_wconf 88' lang='lat'><strong>1)</strong></span> <span class='ocrx_word' id='word_1_360' title='bbox 180 4165 236 4220; x_wconf 87' lang='lat' dir='ltr'><strong>boc</strong></span> <span class='ocrx_word' id='word_1_361' title='bbox 253 4166 327 4219; x_wconf 88' lang='lat' dir='ltr'><strong>enim</strong></span> <span class='ocrx_word' id='word_1_362' title='bbox 347 4163 428 4220; x_wconf 82' lang='lat' dir='ltr'><strong>unice</strong></span> <span class='ocrx_word' id='word_1_363' title='bbox 446 4173 543 4217; x_wconf 75' lang='lat' dir='ltr'><strong>rerunt</strong></span> <span class='ocrx_word' id='word_1_364' title='bbox 560 4173 620 4215; x_wconf 83' lang='lat' dir='ltr'><strong>esse</strong></span> <span class='ocrx_word' id='word_1_365' title='bbox 634 4157 709 4215; x_wconf 71' lang='lat' dir='ltr'><strong>&#39;milri</strong></span> <span class='ocrx_word' id='word_1_366' title='bbox 725 4162 858 4228; x_wconf 80' lang='lat' dir='ltr'><strong>persuasi.</strong></span> 
     </span>
    </p>
   </div>
   <div class='ocr_carea' id='block_1_10' title="bbox 904 4258 988 4350">
    <p class='ocr_par' dir='ltr' id='par_1_10' title="bbox 904 4258 988 4350">
     <span class='ocr_line' id='line_1_45' title="bbox 904 4258 988 4350; baseline 0.024 -2"><span class='ocrx_word' id='word_1_367' title='bbox 904 4258 988 4350; x_wconf 71' lang='lat'><strong>11*</strong></span> 
     </span>
    </p>
   </div>
   <div class='ocr_carea' id='block_1_11' title="bbox 0 0 1406 4684">
    <p class='ocr_par' dir='ltr' id='par_1_11' title="bbox 0 0 1406 4684">
     <span class='ocr_line' id='line_1_46' title="bbox 0 0 1406 4684; baseline 0 5"><span class='ocrx_word' id='word_1_368' title='bbox 0 0 1406 4684; x_wconf 95' lang='lat' dir='ltr'><strong> </strong></span> 
     </span>
    </p>
   </div>
   <div class='ocr_carea' id='block_1_12' title="bbox 1080 4246 1228 4278">
    <p class='ocr_par' dir='ltr' id='par_1_12' title="bbox 1080 4246 1228 4278">
     <span class='ocr_line' id='line_1_47' title="bbox 1080 4246 1228 4278; baseline 0 0"><span class='ocrx_word' id='word_1_369' title='bbox 1080 4246 1228 4278; x_wconf 46' lang='lat' dir='ltr'><strong>=l³¹</strong></span> 
     </span>
    </p>
   </div>
  </div>
 </body>
</html>
