2802 4684
210 308 314 389 ’200
373 303 441 376 11.
467 301 643 377 Visiones.
697 304 803 386 11.3.
856 307 944 404 Cap.
967 317 1029 395 11,
1049 315 1176 389 301,

54 451 66 480 Ι
146 485 154 490 ”
231 473 343 576 Κ010011
363 485 404 578 ¹).
424 513 469 538 ⁴-
500 487 546 552 V.
568 499 602 562 3.
642 487 824 576 Prophetae
845 488 883 554 hi
907 491 1082 576 mltrtyres
1104 487 1231 552 Christi
1252 511 1321 555 vo-

66 590 69 602 '
238 589 364 659 cantur,
382 573 468 662 quod
488 574 586 640 fidem
606 573 1319 652 00001011000101000000100101000100,

238 653 300 750 q'rm
334 663 492 747 populum
520 661 708 739 instruant„
725 661 844 726 iidaet
866 661 1035 746 perspicua
1063 663 1263 744 profitentur
1285 673 1320 722 et
1384 706 1385 752 p

235 758 342 812 morte
363 747 438 811 deni
460 768 500 810 ue
522 759 652 812 strenue
672 748 817 812 obeunda
839 748 1047 832 comprobant
1076 765 1108 808 v.
1128 757 1251 818 7410.
1275 741 1319 810 cf.
1384 755 1385 786 l

178 880 179 890 ,
237 832 278 895 ad
299 838 331 910 6,
350 843 382 906 9.
440 767 532 914 Quid
563 836 770 920 potissimum
802 843 840 894 ut
869 833 1048 918 prophetae
1076 831 1117 894 ad
1148 835 1317 919 populum

236 921 335 1019 verba
363 913 517 982 facientes
539 921 614 981 ‘sibi
644 919 826 994 voluerint,
871 911 993 1014 adjecto
1022 919 1317 1004 περιβεβλημένοι

237 1027 379 1078 sessove
405 1006 483 1066 satis
514 1004 653 1067 dilucide
680 1006 847 1067 innuitur:
880 1023 1004 1066 saccum
1024 1007 1112 1066 enim
1134 1026 1161 1066 s.
1183 1015 1317 1068 vestem

237 1089 405 1176 horridam
433 1091 595 1155 cilicinam
623 1085 798 1168 (ci-adli,
821 1084 891 1171 12.)
922 1111 994 1154 cum
1020 1088 1106 1152 iuter
1126 1090 1317 1178 lugentium

237 1176 444 1264 tristiumqua
461 1177 591 1262 copiam
611 1177 789 1262 prophetae
815 1172 977 1262 imprimis
998 1171 1039 1238 de
1059 1176 1175 1262 populi
1195 1176 1318 1261 pravi-

174 1268 179 1277 “
238 1272 305 1323 tate
335 1263 482 1342 lugentes
508 1283 677 1347 moresque
705 1272 739 1323 et
766 1261 914 1322 habitum
946 1260 1143 1324 severiorem
1175 1275 1210 1324 et
1246 1261 1318 1346 ipsi

238 1358 403 1420 servantes
423 1355 456 1424 et
478 1341 592 1416 ceteris
612 1347 813 1425 inculcantes,
822 1365 931 1426 gerere
946 1344 1071 1408 soleant
1084 1343 1200 1431 (Zach.
1214 1357 1269 1422 13,
1282 1351 1317 1416 4.
1385 1359 1386 1418 ἶ

237 1431 368 1510 10020,
391 1443 423 1504 2.
444 1443 477 1494 et
497 1453 600 1519 praec.
621 1431 782 1509 1100103,
803 1428 867 1515 1.)·,“
888 1432 1067 1516 prophetae
1085 1434 1123 1494 hi
1141 1430 1205 1496 duo
1222 1431 1317 1500 haud

239 1517 334 1580 dubia
362 1519 485 1606 populo
505 1520 552 1584 in
581 1515 659 1585 urbe
689 1529 796 1580 sancta
826 1537 843 1578 e
870 1517 1043 1597 gentilium
1063 1519 1213 1598 contagio
1238 1540 1318 1580 cor-

214 1615 334 1688 ¹rupto
349 1636 355 1647 ‚
373 1603 556 1684 castigando
594 1617 628 1668 et
661 1601 861 1666 emendando
898 1602 992 1678 missi
1026 1603 1190 1683 cogitandi
1222 1613 1321 1672 sunt.

241 1685 402 1774 Quodqu‘e
422 1711 480 1774 per
504 1695 588 1760 1260
615 1689 685 1752 dies
710 1709 842 1752 munere
859 1684 922 1750 ‘suo
945 1681 1038 1767 fungi
1058 1688 1224 1766 dicuntur,
1255 1709 1315 1750 eos

238 1795 298 1858 per
327 1785 433 1836 totum
460 1769 529 1838 sere
551 1797 615 1861 quo
637 1777 712 1836 urbs
734 1784 842 1837 sancta
862 1773 899 1834 in
920 1773 985 1835 stne
1005 1794 1113 1837 rerum
1133 1795 1152 1836 a
1171 1775 1315 1854 gentili·
1386 1847 1387 1850 Ἴ

210 1855 298 1946 'ltus
327 1870 476 1944 occupata
499 1871 531 1924 et
557 1855 723 1945 profanata
746 1853 852 1920 sutura
873 1859 917 1918 sit
938 1870 1082 1944 tempus,
1101 1857 1315 1940 ¹Hierosoly-·
1386 1861 1387 1866 ’

237 1965 310 2007 mae
330 1956 367 2008 ut
386 1943 515 2024 videtur
535 1942 744 2031 potissimum
763 1954 942 2021 versantes,
969 1946 1113 2006 moribus
1134 1943 1314 2018 emendan-

239 2029 290 2092 dis
312 2029 492 2118 animisque
519 2030 556 2094 in
584 2029 721 2094 Messiae
743 2028 916 2092 adrentum
935 2021 1167 2132 praeparandis
1184 2031 1314 2110 invigi-

237 2117 307 2178 lare
327 2117 436 2179 innuit
450 2111 492 2176 cf.
505 2115 544 2177 ad
559 2135 592 2177 v.
608 2125 640 2187 2.
661 2111 750 2184 doinst
771 2115 827 2182 καὶ
849 2111 1137 2200 0000000000000
1151 2113 1315 2179 commit-

241 2210 316 2264 tam
329 2198 375 2262 iis
396 2210 441 2263 ut⁴
457 2198 645 2286 loquantur
652 2221 762 2276 ,1000
777 2201 912 2267 nomine
937 2211 971 2262 et
990 2202 1178 2264 auctoritate
1201 2213 1239 2262 ut
1259 2202 1315 2263 lo-

239 2296 377 2372 quantur
396 2285 532 2348 efficiam
553 2280 594 2348 cf.
639 2289 775 2358 .15..--
803 2283 848 2348 V.
862 2291 894 2356 4.
923 2283 1100 2372 Utrumque
1116 2287 1313 2372 prophetam
1388 2336 1389 2374 ,

239 2383 275 2433 ut
295 2361 414 2462 junctis
442 2372 567 2434 viribus
594 2307 682 2434 idem
712 2391 805 2452 agere
833 2369 975 2439 officium
1002 2371 1108 2438 adeo
1130 2367 1333 2468 injunctum)
1388 2403 1389 2448 t

147 2456 150 2462 ’
239 2457 416 2543 eodemque
436 2451 501 2518 frui
523 2455 577 2520 dei
596 2451 718 2518 favore
730 2451 946 2542 exprimatur,
964 2453 1059 2522 oleae
1079 2469 1113 2520 et
1130 2453 1313 2544 lampades
1388 2485 1389 2490 ¹

239 2543 334 2604 binae
348 2543 578 2618 nominantur,
605 2541 708 2619 (laete
734 2542 834 2622 igitur
863 2541 1007 2604 virentes
1028 2553 1178 2628 grateque
1199 2545 1313 2606 lucen·
1388 2543 1389 2550 '

238 2634 304 2710 tas)
332 2649 440 2690 coram
469 2627 530 2690 deo
558 2637 679 2690 stantes
708 2626 790 2706 (deo
819 2626 918 2708 igitur
938 2627 1159 2693 ministrantes
1179 2629 1312 2715 ipsique
1357 2651 1362 2658 ’

230 2819 234 2826 ’
275 2797 308 2866 1)
325 2799 470 2867 Expositis
483 2797 529 2850 his
542 2801 607 2852 satis
622 2809 735 2866 apparet
747 2799 813 2852 alias
827 2797 911 2870 huius
926 2797 983 2852 1001
998 2797 1199 2866 explicationes
1217 2817 1234 2851 a
1244 2816 1310 2852 vero

247 2913 250 2920 .
311 2867 470 2924 abhorrere·
510 2871 551 2922 lta
575 2887 633 2922 000
657 2872 728 2944 licet
752 2871 823 2922 duos
840 2869 954 2920 incertos
971 2881 1107 2935 martyres
1129 2871 1173 2922 vel
1191 2870 1262 2922 duos
1281 2883 1312 2922 ut

312 2947 403 2993 omnis
421 2953 516 2993 coetus
534 2939 679 2993 christiani
695 2942 952 3008 Hierosolymitami
971 2939 1154 3010 symbola-(t.
1169 2958 1312 2993 commen-

312 3023 360 3066 tat.
377 3012 537 3068 Haeuleiuii
558 3012 592 3064 de
618 3012 648 3066 h.
665 3013 685 3066 l.
703 3016 733 3064 iu
751 3014 809 3078 ejus
827 3011 1026 3080 Ammouiique
1042 3011 1167 3081 theolog.
1185 3013 1312 3065 Journal.

311 3084 379 3137 Vol.
397 3089 423 3144 3.
450 3099 479 3150 p.
501 3085 584 3146 369.)
617 3082 665 3134 hic
692 3084 871 3150 intelligerc;¹
890 3087 951 3148 ipse
979 3087 1054 3138 enim
1078 3093 1154 3136 rates
1180 3095 1209 3136 et
1231 3088 1311 3136 omui

292 3159 419 3222 ,pictura
437 3157 542 3221 etipse
558 3151 593 3206 ab
607 3153 689 3205 initio
706 3157 798 3208 statim
812 3155 923 3206 articuli
939 3169 993 3208 usu
1009 3160 1078 3208 esta
1093 3157 1142 3203 tart
1159 3157 1310 3220 0000100

182 3271 184 3280 .
309 3242 340 3278 sa
364 3225 432 3278 duos
459 3234 550 3278 certos
574 3222 782 3292 lectoribusque
809 3236 891 3279 uotos
915 3226 961 3276 rel
983 3221 1067 3278 facile
1084 3225 1249 3278 divinandos
1266 3230 1311 3279 in-

204 3295 206 3302 '
310 3312 397 3350 nuere
413 3295 526 3370 iudicat·
561 3291 695 3364 Quaeque
712 3294 802 3362 (101101
818 3293 1027 3362 describuntur,
1041 3292 1128 3354 rrimia
1145 3308 1211 3349 sunt
1227 3313 1310 3364 quam

308 3373 423 3435 quaein
441 3367 592 3434 prophetas
610 3363 707 3422 forsan
724 3369 780 3419 sati
797 3383 913 3418 coaevos
925 3367 1031 3419 cadant.
1065 3367 1214 3436 Multoque
1227 3371 1309 3421 etiam

313 3443 495 3492 minus‘eum
519 3436 605 3490 ilerd.
628 3434 730 3489 Eichh.
759 3437 876 3505 aliisque
901 3437 1012 3491 credere
1035 3437 1116 3504 licet,
1145 3449 1236 3490 tatem
1263 3439 1310 3491 hic

226 3547 227 3550 ,
277 3521 289 3565 ⁸.
312 3507 441 3563 Auauurn
466 3521 495 3562 et
518 3509 614 3562 Jesum
640 3509 796 3562 sacerdotes
821 3524 945 3576 summos
967 3527 986 3561 a
1003 3509 1110 3562 Zeloti's
1127 3513 1201 3561 iuter
1217 3509 1312 3563 turbas

312 3581 527 3654 lliercsolymae
544 3591 714 3648 expugnatae
730 3583 858 3647 praevias
871 3584 962 3647 *trapis
979 3585 1088 3633 occisos
1105 3581 1231 3648 (loseph.
1250 3579 1276 3635 b.
1292 3584 1310 3647 j.

311 3660 338 3714 4,
355 3654 395 3714 6.)
414 3652 602 3716 descripsisse·
637 3651 723 3714 Nasu,
746 3662 779 3702 ut
798 3652 849 3702 alia
869 3663 986 3718 taceam,
1010 3663 1038 3704 et
1055 3653 1175 3719 intelligi
1196 3669 1309 3718 prorsus

312 3727 424 3792 nequit,
440 3720 581 3790 quomodo
599 3731 671 3772 vates
690 3719 810 3773 ludaeos
829 3723 985 3774 sacerdotes
1001 3722 1049 3774 hic
1065 3717 1121 3774 aut'
1131 3727 1248 3776 omniuo
1266 3735 1311 3776 aut

269 3793 281 3804 '¹
312 3805 344 3846 ut
353 3794 471 3846 Meisiae
488 3791 645 3856 ministros,
664 3805 756 3844 serscs
774 3809 800 3846 v.
817 3797 844 3852 8.
861 3805 889 3844 et
906 3793 1030 3856 aemulos
1048 3793 1203 3848 describere
1222 3805 1311 3861 queat,

310 3861 386 3932 q'ucd
413 3874 608 3933 argumentum
634 3879 651 3914 a
675 3874 735 3915 vate
753 3861 906 3924 christiano
925 3864 1142 3930 alienissimum
1166 3877 1194 3916 et
1209 3875 1310 3916 temere

260 3957 261 3964 ¹
311 3949 401 3990 vatam
418 3937 452 3990 dc
471 3950 501 3986 re
518 3937 665 4000 praeterita
683 3934 762 4002 loqui
780 3939 908 3988 sumitur.
957 3933 1012 3989 Sed
1038 3935 1106 3988 huic
1130 3937 1310 4003 explicationi

310 4007 397 4058 lalsae
421 4009 475 4072 iam
493 4017 556 4058 aute
574 4003 720 4058 Bleekiutn
738 4005 758 4060 l.
774 4019 798 4060 0.
816 4007 898 4073 plura
916 4004 987 4071 bena
1005 4013 1139 4074 opposuit
1155 4007 1238 4060 Storr
1256 4009 1274 4062 l.
1286 4023 1309 4059 c.

311 4095 339 4146 11·
357 4084 510 4160 tat-tra·-
619 4097 621 4102 ·
