2802 4684
238 295 314 374 216
336 239 346 250 -·
370 291 413 360 Π.
435 288 614 362 Visiones.
646 289 710 374 ill.
737 304 771 372 2.
810 288 851 360 A.
869 315 900 360 a.
923 291 1068 386 1.·Cap.¹
1082 304 1140 380 12,
1166 301 1200 372 4.

242 487 294 554 20,
315 471 386 562 2.),
410 472 505 542 facile
535 475 682 552 draconis
713 477 810 558 etiam
837 487 870 540 et
898 497 1018 552 nomeu
1048 489 1078 536 et
1105 468 1255 559 portenta
1278 471 1316 536 iu

242 585 316 626 eum
336 559 505 626 transferri
523 573 683 647 poterant.
731 560 902 648 Igneique
923 565 952 624 is
972 561 1092 624 coloris
1112 559 1316 634 describitur,

244 648 329 734 quod
357 659 390 730 et
417 649 509 710 draco
539 669 597 732 per
624 668 663 728 se
690 661 795 712 cutem
820 649 996 734 cristasque
1023 657 1182 708 monstrat
1203 649 1317 708 rubras
1388 713 1389 718 .

214 807 216 814 .
244 729 302 807 lc'f.
324 731 425 799 Boch.
444 757 478 820 p.
491 737 566 804 432.
586 728 699 836 436),
731 748 761 808 et
776 734 872 814 'color
894 735 1085 813 sanguineus
1107 732 1143 792 in
1165 732 1318 793 Satauam
1388 741 1389 810 ᾗ

244 819 407 905 imprimis
435 823 600 883 cruentum
628 817 702 900 (aaa
724 809 1009 902 ἀνθρωποκτόνος)
1034 807 1093 882 ἀπ’
1114 808 1214 906 ἀρχῆς
1235 815 1317 878 doh·

138 959 144 969 .
244 914 276 978 8.
295 907 362 981 44.)
395 907 475 968 bene
507 905 682 968 contenire
711 903 877 986 videbatur
909 898 949 964 cf.
975 909 1006 978 6,
1026 903 1059 970 4.
1083 910 1132 976 17,
1152 913 1184 971 3.
1249 900 1318 964 Sed

244 989 308 1052 hoc
329 991 365 1052 in
383 991 442 1052 hac
461 991 567 1052 bellua
588 989 724 1068 novavit
742 1002 852 1064 vates,
876 987 960 1074 quod
979 999 1103 1072 septem
1122 987 1188 1071 ipsi
1210 989 1319 1073 capita

171 1084 173 1094 ¹
246 1077 375 1136 coronis
396 1075 533 1136 totidem
549 1073 666 1138 ¹ornata
687 1075 856 1162 decemque
880 1093 998 1136 cornua
1011 1073 1147 1154 tribuitt
1181 1073 1237 1158 qui
1259 1091 1318 1133 or-

244 1159 354 1246 natus¹
374 1159 451 1246 quid
478 1162 541 1222 sibi
567 1161 650 1223 velit
678 1156 772 1238 facile
798 1169 940 1246 apparet.
1002 1145 1078 1246 Qud
1112 1155 1199 1220 enim
1220 1158 1321 1242 plura

246 1248 366 1330 capita,
396 1243 502 1332 quov'e
534 1243 628 1331 plura
657 1267 789 1322 cornua,
822 1243 993 1331 potestatis
1027 1262 1168 1306 summae
1194 1241 1322 1318 iudicia

166 1345 168 1352 ’
246 1325 311 1404 (cf.
333 1331 372 1391 ad
385 1343 424 1408 15,
445 1327 517 1414 6.),
552 1352 591 1394 eo
612 1335 779 1416 potentius
801 1325 1106 1412 sorruidolosiusque
1127 1339 1177 1390 est
1198 1328 1322 1390 animal

201 1469 206 1479 ,
247 1417 302 1478 ‘'vel
331 1416 407 1478 deus
429 1415 643 1502 daemonque,
674 1429 712 1479 ut
738 1411 838 1498 Indos
862 1417 1024 1500 imprimis
1046 1413 1253 1476 daemonibus
1278 1411 1320 1474 ad

223 1503 427 1587 ‘potentiam
448 1501 690 1582 significandam
711 1504 850 1589 plurima
870 1505 1010 1563 tribuere
1028 1501 1131 1600 capita
1148 1517 1320 1584 armosque

82 1579 110 1632 ’-
179 1645 188 1652 ,
248 1595 382 1674 constat.
436 1585 578 1672 Cumque
606 1603 702 1674 supra
732 1593 770 1664 5‚'
790 1593 821 1656 6.
849 1585 1168 1678 lllessiastcorssnibus
1194 1596 1323 1669 septem

248 1671 578 1758 ornatus'descriptus
600 1673 662 1749 sit,
693 1684 730 1734 ut
750 1672 949 1738 adversarius
973 1691 1042 1763 equs
1065 1665 1206 1732 summus
1229 1669 1323 1734 divi·

141 1753 147 1765 '
248 1765 369 1842 iraeque
398 1769 528 1820 naturae
560 1759 724 1844 particeps
755 1761 875 1821 similia
905 1756 1156 1841 potentiaelate
1176 1756 1322 1844 patentis

248 1844 341 1922 'signa
354 1855 357 1862 '
371 1838 453 1927 ferat
481 1863 543 1934 par.
569 1855 636 1920 est3
668 1843 795 1931 ipsique
815 1835 881 1938 jam
902 1841 1014 1903 ludaei
1036 1839 1184 1902 Satanam
1205 1841 1322 1902 draco-

147 1996 149 2007 ,
248 1949 324 1990 nem
352 1931 592 2074 appellaverant
619 1943 742 2014 septem
770 1931 928 2019 capitibus
957 1925 1145 2003 horridum,
1187 1925 1323 1987 Kiddu-

250 2015 343 2075 schin
381 2015 424 2075 ol.
445 2025 496 2091 29,
518 2025 556 2088 23
591 2025 777 2101 septemque
800 2015 934 2101 spiritus
956 2013 1107 2073 sinistros
1126 2010 1249 2074 divinis
1274 2015 1320 2091 (v.

140 2094 159 2131 ='
234 2121 283 2184 ·P·
297 2109 350 2172 89.
373 2101 460 2179 144.)
489 2101 660 2184 oppositos
689 2103 850 2174 finxerant
878 2103 1019 2176 (testam.
1041 2109 1123 2182 patr.
1141 2117 1174 2182 p.
1188 2103 1264 2168 523.
1286 2097 1323 2158 in
1388 2111 1389 2122 ¹

250 2185 320 2264 eqd.
341 2205 390 2270 ps.
413 2184 458 2246 V.
480 2183 521 2246 T.
543 2181 569 2246 F
571 2187 674 2261 aba),
711 2207 789 2271 quos
812 2186 960 2248 Satanam
983 2183 1128 2244 comitari
1149 2181 1255 2244 dicere
1277 2181 1323 2242 li·
1388 2201 1389 2266 j

250 2271 328 2330 cuit.
365 2266 479 2354 ¹Quod
500 2281 607 2334 autem
628 2270 784 2356 ipsinon
806 2280 934 2354 septem
954 2279 1078 2329 tantum
1100 2265 1219 2352 capita
1248 2289 1324 2328 cor-

248 2355 344 2417 nibus
365 2367 493 2432 ornata‚
515 2353 587 2433 sed,
621 2355 707 2442 quod
729 2377 799 2418 cum
822 2355 881 2416 hac
904 2355 1042 2434 imagine
1063 2373 1205 2440 pugnare
1227 2351 1324 2414 vide·
1388 2369 1389 2398 ³

251 2451 320 2516 tur,
343 2461 473 2502 cornua
494 2437 608 2504 decem
630 2453 719 2503 vates
739 2443 868 2516 tribuit,
890 2439 923 2500 id
942 2441 998 2501 hic
1012 2441 1176 2502 obscurum
1188 2459 1323 2522 prorsus
1388 2453 1389 2464 ¹

250 2520 338 2586 infra
357 2519 413 2586 sua
434 2525 669 2588 collustrabitur
688 2527 769 2588 luce.
812 2523 911 2608 Quod
929 2526 1016 2586 enim
1035 2527 1124 2598 vates
1140 2523 1325 2607 descriptu-

250 2631 305 2692 rus
337 2621 387 2670 est
414 2621 595 2672 monstrum
616 2609 753 2672 Romam
786 2621 856 2672 cuin
888 2609 1138 2695 imperatoribus
1146 2652 1155 2681 ‚
1195 2607 1326 2690 Nerone
1388 2669 1389 2672 ,

142 2698 145 2702 ’
251 2695 476 2839 potissimum,
510 2708 752 2781 repraesentans
774 2699 814 2760 ob
836 2717 945 2758 causas
968 2697 1047 2757 satis
1069 2713 1182 2774 graves
1205 2693 1327 2754 diluci-

274 2801 370 2865 asque
392 2793 517 2866 septem
535 2785 693 2867 capitibus
724 2781 893 2868 decemque
923 2783 1071 2843 cornibus
1093 2779 1244 2840 brnatum
1267 2779 1326 2839 de-

158 2887 162 2894 ·
251 2865 451 2952 pingendum
473 2878 539 2928 erat
562 2877 611 2944 13,
636 2880 665 2938 1.
689 2877 738 2943 17,
762 2879 792 2940 9.
817 2875 875 2944 123
903 2879 1001 2956 utque
1022 2865 1154 2928 orunino
1178 2863 1266 2926 Nero
1290 2866 1326 2926 in

248 2962 336 3038 terra
356 2953 447 3037 quasi
475 2952 556 3014 alter
578 2954 711 3016 Satanas
741 2953 927 3024 describitur
956 2955 1031 3028 (13,Ι
1046 2946 1109 3031 2.)‚
1139 2949 1185 3009 sic
1215 2951 1325 3030 imago

252 3057 378 3121 quoque
408 3036 573 3123 utriusque
601 3051 635 3101 et
662 3039 800 3100 Neronis
821 3050 853 3100 et
875 3037 1007 3099 Satanae
1027 3048 1063 3098 ut
1087 3035 1259 3097 simillima
1282 3037 1325 3096 sit

252 3121 427 3202 conqenire
450 3121 617 3184 'videturst
658 3121 767 3205 Quare
794 3125 940 3207 ineptum
968 3133 1019 3182 est
1043 3139 1209 3208 quaerere,
1265 3143 1329 3181 uo-

252 3207 364 3268 modo'
381 3218 505 3292 septem
531 3207 635 3294 capita
665 3231 737 3271 cum
767 3211 915 3270 cornibus
936 3206 1044 3268 decem
1065 3207 1101 3268 in
1121 3141 1328 3268 concordiam

253 3291 339 3353 coire
369 3295 545 3374 cogitarive
572 3295 712 3380 possint.
769 3291 811 3355 Et
836 3313 1015 3380 quanquam
1037 3287 1147 3353 forsan
1169 3313 1329 3358 cornuum

230 3394 232 3402 ·
254 3379 398 3461 serpenti
418 3375 661 3443 tribuendorum
682 3381 788 3460 imago
810 3387 852 3442 e'x
878 3385 1040 3450 ceraste,x
1055 3369 1145 3471 cujus
1166 3378 1330 3438 tentacula

253 3459 316 3522 duo
351 3463 565 3526 eminentiora
601 3465 750 3528 cornibus
785 3465 1044 3528 assimilabantur
1081 3455 1138 3546 (cf.
1172 3459 1327 3523 Boclrart.

241 3542 379 3610 'hieron
400 3557 432 3620 2.
452 3551 572 3633 p.‘418.
595 3547 636 3611 T.
656 3559 687 3620 3.
707 3575 740 3638 p.
753 3560 826 3621 207.
849 3551 898 3612 ed.
921 3545 1028 3632 Lips)
1049 3543 1329 3632 diadematumque

255 3644 385 3696 ornatus
414 3655 430 3698 e
464 3635 604 3696 basilisci
638 3639 794 3698 maculam
827 3636 862 3698 in
889 3629 997 3694 fronte
1028 3631 1192 3709 candidam
1214 3631 1329 3694 diade·
1388 3649 1389 3664 ¹

255 3719 352 3794 matis
382 3718 483 3782 instar
509 3719 651 3800 gerentis
683 3721 788 3806 (Plin.
808 3722 844 3782 h.
863 3743 895 3782 n.
916 3730 947 3793 8,
968 3721 1036 3794 33.)
1059 3729 1175 3778 natura
1203 3717 1331 3780 desumi
1388 3713 1389 3786 ]

254 3813 421 3888 poteraut,
442 3815 532 3866 vates
555 3814 662 3866 tamen
691 3805 730 3868 de
750 3818 867 3884 ceraste
887 3815 919 3866 et
939 3803 1087 3886 basilisco
1111 3824 1151 3864 an
1174 3824 1251 3882 vere
1272 3827 1330 3864 co-

168 3891 172 3902 '
255 3889 367 3968 gitarit
400 3887 570 3952 admodum
598 3889 726 3968 dubito;
755 3890 903 3954 diversus
927 3891 1014 3952 enim
1036 3883 1276 3960 fictionissons
1299 3889 1330 3949 ei

252 3975 371 4059 patuit.
403 4011 446 4023 -
487 3975 534 4042 V.
554 3979 584 4045 4.
621 3971 823 4040 Avidissime
859 3987 960 4064 puero
998 3973 1157 4036 nascendo
1193 3973 1328 4036 inhians

83 4127 88 4139 J
190 4115 197 4146 ς
225 4129 227 4133 ,
254 4059 404 4154 trelloque
426 4073 555 4149 paratus
576 4073 706 4127 cruento
730 4063 823 4127 draco
843 4059 977 4124 caudam
995 4053 1061 4156 jam
1076 4059 1162 4122 ultro
1185 4059 1330 4144 citroque
1388 4079 1389 4088 ¹
