2774 4688
174 325 176 334 .
235 267 312 348 964
364 263 407 336 Π.
433 263 609 337 Visiones.
634 263 696 338 111.
718 277 751 346 2.
776 263 818 336 Β.
836 275 878 350 3.,
894 287 924 334 e.
943 289 982 362 γ.
1004 263 1092 360 Cap.
1110 275 1184 354 17,.
1201 276 1239 343 1.

238 451 332 513 urbes
352 443 545 534 gentilium
561 443 695 531 ’(ἔθνων
722 445 766 513 cl:
787 461 836 527 11,
860 450 928 532 18.)
953 459 1153 514 evertuntur.
1187 441 1319 534 ·Atque

214 538 286 604 ,ita
318 534 424 596 Roma
456 555 550 620 quam
579 557 717 624 poenam
742 537 869 598 meruit.
892 557 911 600 e
937 515 1058 620 poculd
1085 535 1161 598 vini
1186 527 1317 596 fervidi

237 621 364 696 hausit,
395 619 573 684 allusione
586 621 625 684 ad
654 621 907 708 descriptionem
932 623 1172 705 praeviante,
1200 617 1320 690 85-10·

239 707 318 769 satis
340 708 531 791 conspicua3
555 729 688 792 cumque
709 705 787 770 deus
809 708 979 770 criminum
999 705 1120 774 Romae
1139 711 1231 792 quae
1248 706 1320 790 qnia

238 779 342 855 niniia
362 805 438 854 sunt
457 803 542 854 terra
562 789 647 856 ferre
667 793 808 880 amplius
821 794 933 880 nequit
954 786 1016 869 (cs.
1024 802 1074 868 18,
1085 787 1151 877 5.),
1175 793 1223 852 ob
1242 811 1318 875 quae

239 878 347 960 angeli
369 887 591 965 martyresque
612 880 696 940 beati
708 871 881 942 'ardentius
900 895 1027 964 semper
1048 877 1101 948 dei
1131 875 1320 942 vindictam

102 963 105 974 '
199 963 494 1048 ‘'irnplcraverant
514 973 545 1040 5,
566 974 598 1034 8.
625 971 656 1040 6,
677 973 710 1036 9.
730 975 761 1040 Θ,
781 973 813 1035 3·
839 975 888 1040 11.
910 973 969 1038 ta,
990 957 1056 1060 jam
1075 962 1213 1026 tandem
1240 983 1321 1047 poe-

46 1099 55 1125 „
239 1069 315 1111 nam
341 1047 460 1112 dudum
488 1047 699 1134 promeritam
727 1049 894 1117 oblivione
919 1057 1024 1112 tamen
1055 1048 1251 1136 hucusque,
1291 1057 1345 1118 ut¹

48 1128 52 1142 '
158 1185 161 1192 ,
239 1133 428 1211 videbatur,
471 1145 588 1201 tectam
616 1147 828 1222 exsequatur,
879 1135 950 1196 nasi
975 1152 1101 1197 ntenwt'
1120 1129 1264 1220 factrus
1293 1133 1321 1193 ei

238 1219 393 1306 poculum
421 1221 588 1304 porrigere
616 1218 749 1290 dicitur.
800 1213 851 1284 Cf.
898 1219 996 1282 noch.
1021 1225 1073 1294 96,
1092 1229 1123 1290 2.
1151 1222 1185 1288 4,
1213 1227 1274 1290 97,
1294 1223 1321 1286 4.

238 1314 292 1380 39.
314 1308 419 1380 tatu
440 1309 473 1373 6.
492 1311 546 1382 47,
567 1316 598 1376 2.
618 1311 650 1376 4.
671 1307 737 1370 tos.
756 1311 808 1382 26.
829 1315 883 1376 rr.
905 1337 955 1368 .-
996 1301 1043 1366 V·
1059 1314 1112 1374 20.
1129 1312 1184 1374 21·
1220 1301 1323 1364 Redit

160 1427 163 1435 ν
239 1408 345 1452 sermo
378 1387 418 1452 ad
444 1400 670 1476 tempestatem
689 1389 884 1455 horrendam
903 1399 1069 1476 terraeque
1088 1401 1222 1456 motum
1248 1390 1321 1451 aliis

185 1497 191 1514 ‚
238 1471 359 1536 duabus
386 1476 581 1555 imaginibus
607 1475 845 1540 describendos.
904 1471 952 1538 Ob
982 1486 1085 1554 ,terrae
1108 1486 1247 1540 motum
1269 1477 1322 1536 in-

134 1609 137 1616 .
238 1571 368 1640 gentem
394 1561 519 1625 insulae
550 1564 794 1645 submerguntur
820 1571 1012 1648 montesque
1032 1555 1217 1632 tremefacti
1241 1582 1322 1624 con-

239 1643 349 1708 cidunt
384 1657 417 1708 et
445 1659 655 1725 evanescunt,
687 1648 722 1710 id
757 1647 842 1734 quod
868 1649 977 1710 minus
1005 1648 1156 1726 graviter.
1179 1639 1256 1741 jam
1288 1648 1322 1708 in

82 1777 89 1792 .
123 1745 128 1756 ·
237 1729 405 1816 praeludio
428 1733 668 1808 accidit6,14.
712 1729 1321 1818 Grandoqueaegyptiaca1Ex.9,18,
1363 1741 1364 1812 t

137 1827 139 1832 '
240 1827 319 1901 quae
339 1809 406 1912 jam
426 1839 522 1906 supra
540 1825 570 1895 8,
586 1829 618 1889 7.
640 1830 691 1896 11,
713 1830 765 1892 19.
787 1821 912 1882 saevire
933 1822 1041 1902 coepit
1061 1813 1117 1898 (cf.
1132 1816 1201 1882 Jes.
1221 1826 1321 1888 262.
1364 1835 1365 1904 q

238 1909 465 1979 anuto-39.
489 1915 540 1977 19·
561 1903 630 1967 tos.
648 1917 698 1981 10,
719 1918 769 1976 11.
789 1903 940 1992 tenen.
954 1913 1006 1976 39.
1027 1899 1190 1986 miultis
1215 1902 1324 1982 molis·
1365 1929 1366 1990 t

240 1988 394 2052 innuanis
423 2000 490 2064 ectr
512 1989 659 2076 quodque
687 1991 776 2052 enim
798 2011 933 2072 granum
954 1990 1070 2054 talenti
1087 1985 1315 2074 serepondus
1366 2024 1367 2052 r

170 2149 172 2157 J
236 2071 335 2138 habet
362 2073 531 2150 (talentum
556 2075 681 2156 argenti
703 2097 852 2158 graecum
871 2073 1095 2160 complectitur
1114 2083 1157 2144 53
1182 2072 1319 2158 pond03
1367 2118 1368 2142 ,

152 2183 185 2216 ‚⁸
238 2157 318 2220 alias
347 2171 473 2222 veteres
501 2160 691 2242 grandinem
715 2161 872 2247 ponderis
901 2161 1023 2226 insueti
1043 2159 1246 2243 descripturi
1268 2158 1319 2220 di·
1368 2212 1369 2238 ,

160 2249 165 2258 ’
238 2254 316 2306 cunt
339 2234 636 2332 quingentianis,
674 2246 781 2330 unius
805 2244 923 2309 minae
944 2267 972 2310 s.
993 2245 1104 2329 pondo
1124 2242 1231 2306 Diod.
1255 2244 1316 2306 Sic.
1369 2306 1370 2336 ,

237 2337 289 2404 19,
308 2331 377 2406 45.)
399 2331 429 2390 i.·
443 2351 473 2392 e.
494 2329 604 2394 oneris
622 2331 782 2412 ingentis3
810 2326 851 2393 cf.
872 2327 912 2397 de
930 2329 1091 2416 lapidibus
1109 2329 1317 2397 steterent-

206 2441 210 2448 ·
238 2436 289 2486 οις
310 2434 329 2475 e
350 2416 488 2478 ballistis
509 2417 638 2479 emissis
659 2417 796 2502 loseph.
818 2419 848 2480 b.
869 2408 893 2510 j.
915 2426 946 2492 5,
965 2423 995 2502 6,
1014 2425 1048 2487 3.
1074 2468 1077 2474 .
1098 2407 1147 2478 At
1169 2436 1213 2484 ne
1238 2415 1317 2478 haee

142 2527 144 2532 ¹
238 2497 369 2585 quidem
389 2501 563 2588 plagaque
584 2503 714 2583 gravior
736 2503 796 2564 vix
816 2507 973 2582 cogitetur
994 2501 1116 2590 impios
1138 2499 1180 2563 ad
1201 2504 1318 2570 sanio-

148 2622 152 2630 ,
237 2593 307 2646 rem
331 2598 462 2648 revocat
481 2597 640 2664 mentem,
659 2589 706 2652 ita
725 2598 763 2650 ut
782 2588 961 2674 quicunque
978 2585 1101 2650 Rornae
1121 2581 1317 2673 urbiumque

112 2725 119 2760 3
240 2679 416 2734 ceterarum
438 2672 544 2736 ruinis
565 2673 710 2738 nondum
730 2671 852 2759 sepulti
873 2675 956 2748 sint,
978 2671 1017 2738 ad
1039 2693 1140 2736 unum
1159 2693 1278 2738 omues
1299 2693 1317 2734 a

90 2761 121 2788 ‘⁴'
236 2752 356 2818 Massia
388 2756 579 2834 adveniente
612 2781 679 2824 uno
705 2769 871 2824 momento
899 2755 1030 2822 delendi
1058 2758 1229 2843 supersint
1264 2767 1314 2833 19,

256 2967 260 2973 ·
320 2923 486 3011 71)1G·17·
508 2937 560 2998 18·
597 2925 663 2994 Nec
695 2940 805 2996 tamen
829 2925 965 2992 Messias
981 2925 1095 2994 statim
1116 2924 1153 2990 in
1174 2947 1316 2990 messem

195 3097 196 3102 γ
238 3005 360 3099 ingruit
386 3013 399 3094 i
424 3013 454 3074 si
480 3024 622 3098 paratam
649 3015 780 3080 ultimas
809 3014 986 3099 impiorum
1006 3013 1161 3098 reliquias
1185 3012 1315 3089 deletu-

237 3114 311 3158 rus:
362 3034 432 3180 sed,
450 3096 630 3168 inserendis
666 3102 758 3186 prius
792 3101 975 3162 visionibus
1011 3098 1131 3160 duabus
1165 3099 1315 3160 subsistit

237 3180 374 3246 actionis
388 3201 616 3270 progressus,
643 3186 872 3270 cohibeturque
900 3185 977 3248 finis
1000 3203 1107 3248 rerum
1128 3185 1313 3270 appropin-

237 3269 365 3352 quantis
395 3270 536 3333 narratio
565 3271 725 3336 celeriter'
741 3272 921 3336 decurrens.
974 3267 1055 3333 Nam
1082 3271 1204 3354 partim
1224 3279 1314 3354 qiua'e

238 3353 283 3414 sit
303 3353 382 3414 haec
403 3353 477 3416 urbs
497 3355 659 3442 collapsa,
688 3379 750 3443 qua
769 3357 896 3418 ratione
917 3377 989 3420 cum
1011 3357 1113 3418 bestia
1133 3349 1314 3438 ¹imperium

237 3447 270 3498 et
291 3435 513 3524 'Imperatores
543 3441 743 3522 significante
762 3443 945 3518 cohaereat,
978 3439 1118 3530 quidque
1139 3441 1220 3502 haee
1237 3440 1314 3522 ipsa

196 3583 199 3591 ,
234 3521 339 3586 bestia
369 3524 531 3604 significet
552 3539 584 3588 et
612 3517 774 3614 quomodo
801 3547 837 3588 ea
857 3524 979 3608 Romae
1001 3525 1172 3588 interitum
1193 3520 1313 3586 mblia-

236 3613 307 3684 tur,
328 3609 456 3670 uberius
480 3611 707 3696 explicandum
728 3623 848 3687 restat3
870 3614 988 3696 partim
1007 3609 1130 3677 Romae
1152 3609 1314 3694 collapsae

236 3695 378 3769 mentio,
409 3695 569 3780 quaeres
600 3720 659 3782 per
686 3720 721 3760 se
748 3693 814 3794 jam
834 3695 1026 3776 gravissima
1049 3709 1099 3760 est
1119 3697 1220 3782 inque
1241 3707 1310 3758 toto

235 3781 403 3842 visionum
421 3799 508 3842 nexu
531 3781 949 3865 pinrimurn'insignienda,
983 3793 1020 3846 ut
1039 3775 1153 3872 quibus
1174 3781 1215 3844 de
1237 3802 1310 3842 cau-

202 3931 205 3937 ,
234 3867 280 3926 sie
301 3863 383 3926 Urbs
413 3886 551 3952 poenam
578 3868 660 3930 hane
692 3871 760 3934 luat
789 3870 826 3930 in
858 3889 987 3946 ornnem
1013 3870 1238 3956 posteritatem
1260 3867 1311 3928 di-

234 3949 354 4014 ruenda
376 3961 409 4014 et
431 3951 600 4031 vastanda,
623 3949 727 4018 fusius
745 3965 926 4038 exponatur
936 3949 1162 4048 jurepostulat
1174 3973 1309 4014 summo.

234 4033 287 4096 Sic
309 4038 418 4098 ornnia
439 4055 494 4097 sue
517 4038 588 4100 luce
606 4037 723 4102 melius
746 4041 975 4102 collustrantur
997 4041 1226 4127 visionumque
1242 4035 1309 4102 ain-

219 4119 319 4200 'bitus
341 4122 377 4183 in
390 4115 519 4217 ¹justum
540 4127 695 4188 excrescit
710 4123 859 4216 mudum.
909 4123 1019 4211 Itaque
1126 4173 1130 4180 -
