2840 4690
121 375 165 414 ¹.
240 317 322 388 140·
425 405 431 432 ι
495 305 538 378 II.
561 293 738 379 Visiones.
801 305 1059 400 2.0np.5,1.

241 493 363 564 throno
397 483 551 569 divinos„
572 503 608 554 ut
637 511 794 556 summam
820 488 1034 554 reverentiam
1069 488 1129 552 deo
1170 489 1316 554 debitam

155 638 158 646 ,
240 599 438 662 regnumque
465 600 535 640 non
564 577 629 639 sibi
656 577 714 640 sed
741 576 802 639 deo
830 576 894 638 soli
915 596 1028 654 regum
1048 576 1116 654 regi
1137 575 1316 638 convenire
1399 595 1400 614 ¹

88 707 89 720 ,
192 721 198 730 ,
241 665 425 744 significent
447 658 642 726 cf..Ascens.
664 661 728 725 Jes.
750 673 953 806 9,1o·sqq.M
985 660 1183 744 tropeien.
1205 674 1236 737 8,
1256 668 1314 731 25·
1398 685 1400 696 “

147 777 151 788 ·
242 748 382 835 Capitql.
403 750 440 810 in
459 744 583 811 Anton.
604 747 730 810 l'hilos.
755 771 781 808 c.
800 753 832 816 4.
851 758 883 816 et
954 757 1026 808 etst.
1048 745 1087 806 ad
1109 745 1143 806 h.
1161 747 1184 808 l.
1223 745 1315 808 Lau·
1400 740 1401 794 ἶ

243 835 300 901 des
329 833 457 896 divinas
479 855 498 894 a
517 831 690 897 creatione
711 829 872 910 rrczrndir
916 842 1000 893 etere
1023 833 1181 894 seriorum
1201 833 1314 916 potis·
1400 837 1401 860 ³

162 926 165 934 ’
242 923 361 983 simum
394 939 466 981 mos
499 917 578 980 satis
613 911 841 1004 frequentest
872 941 913 978 c.
941 916 992 978 I's.
1017 921 1088 993 104,
1108 909 1147 986 ’2.
1184 923 1256 994 148,
1278 924 1312 986 5.
1400 973 1401 978 ,

239 1003 366 1068 Enoch.
388 1015 418 1079 9,
440 1014 471 1074 3.
499 1008 531 1072 4.
560 1024 654 1064 carm.
683 1003 823 1064 samarit.
851 1002 900 1064 ed.
921 999 1078 1064 Gesenius
1100 997 1191 1088 Lips.
1216 1009 1312 1074 1824.
1401 1060 1402 1080 ,

244 1093 281 1154 Si
302 1091 398 1152 lectio
420 1081 478 1154 οὐκ
492 1077 586 1171 ,ἦσαν
607 1089 750 1172 plurium
771 1087 862 1149 codd.
885 1088 1035 1168 suffragia
1055 1081 1169 1164 ferret,
1195 1109 1311 1150 sensus
1401 1097 1402 1166 j

244 1177 381 1240 oriretur
401 1175 479 1242 satis
499 1185 609 1270 aptusr
639 1171 818 1237 voluntate
839 1181 902 1234 tua
923 1193 991 1234 corr
1009 1179 1114 1234 crant
1135 1181 1169 1234 et
1189 1183 1311 1236 creata

242 1269 326 1323 suot
347 1262 371 1322 i.
392 1281 421 1322 e.
449 1280 492 1322 ex
515 1269 662 1356 qunctura
692 1257 828 1320 hebraea
853 1255 899 1342 (v.
919 1279 967 1345 gr.
990 1260 1060 1318 crit.
1082 1259 1172 1319 hebr.
1192 1279 1227 1342 p.
1245 1267 1313 1330 539

243 1348 327 1433 sqq.)
356 1343 435 1410 cum
461 1364 528 1406 non
550 1351 652 1405 erant
673 1354 777 1404 creata
797 1354 888 1418 snnt3
923 1341 1086 1406 difficilior
1111 1343 1189 1404 haec
1212 1345 1311 1405 lectio
1402 1395 1403 1412 ,

161 1511 162 1520 ¹
242 1454 261 1494 a
280 1429 432 1517 plurimis
454 1427 596 1492 librariis
616 1427 702 1488 haud
722 1427 887 1490 intellecta
906 1421 1000 1490 facile
1015 1429 1122 1513 potuit
1139 1429 1269 1490 mutari.

326 1553 358 1614 2.
392 1541 463 1604 Jam
485 1540 520 1604 G.
543 1539 588 1602 V.
618 1540 755 1626 propius
778 1538 890 1616 adid,
926 1534 1015 1637 cujus
1044 1563 1135 1610 causa
1162 1553 1253 1605 vates
1275 1539 1313 1605 in
1402 1559 1403 1570 ¹

242 1625 446 1716 splendidum
466 1629 529 1689 hoc
549 1628 711 1688 theatrum
730 1638 840 1711 raptus
866 1620 985 1703 fuerat,
1008 1625 1218 1690 accedendum
1244 1639 1313 1690 erat
1403 1696 1404 1714 ,

242 1712 562 1800 monstrandumque,
599 1711 676 1799 quid
701 1711 749 1776 ibi
779 1723 883 1773 actum
913 1713 956 1772 iri
976 1713 1226 1798 exspectandum
1247 1713 1313 1774 sit:
1403 1719 1404 1796 f

230 1845 233 1853 .
267 1822 380 1862 uocum
411 1809 598 1880 argumento
628 1811 716 1859 vates
744 1795 897 1872 Messias,
932 1799 1157 1860 coelicolarum
1184 1811 1313 1884 praeter

242 1823 339 1948 deum
366 1886 502 1961 surrnui,
534 1905 618 1946 nunc
639 1881 784 1959 demum,
821 1903 892 1945 cum
914 1903 964 1944 res
986 1886 1091 1970 ipsius
1111 1895 1238 1964 agatur,
1273 1885 1311 1946 in

219 1969 333 2034 ¹coetu
362 1991 450 2036 sacro
482 1970 647 2055 conspicui
678 1963 800 2030 formae
828 1980 977 2048 augustae
1009 1970 1257 2055 descriptionem
1280 1979 1313 2030 et
1404 2027 1405 2042 ,

240 2057 349 2120 laudes
376 2049 476 2150 justas
498 2055 713 2140 pulcherrime
733 2055 780 2116 ita
796 2049 985 2150 conjunxit,
1016 2067 1051 2136 ut
1072 2057 1155 2118 sicut
1174 2055 1312 2125 Messias

240 2144 388 2206 martium
408 2150 532 2228 praeter
553 2139 648 2202 deum
673 2141 917 2220 augustissimus
939 2151 988 2202 est
1008 2153 1041 2202 et
1060 2143 1217 2204 uirtutum
1237 2142 1312 2206 lau-

241 2229 381 2313 dumque
420 2225 603 2288 divinarum
634 2226 795 2300 aemulus,
834 2227 880 2287 sic
909 2225 1015 2305 imago
1047 2228 1143 2291 etiam
1175 2221 1245 2323 ejus
1278 2239 1313 2289 et

241 2311 353 2375 laudes
373 2311 428 2373 hic
450 2312 512 2386 iis,
539 2331 617 2396 quae
639 2313 741 2396 capite
762 2311 866 2398 priori
890 2309 928 2372 de
953 2309 1012 2382 deo
1036 2311 1230 2390 dictasunt,
1260 2303 1311 2374 si-

242 2399 339 2464 miles
367 2397 579 2482 depingantur
608 2408 701 2482 atque
735 2397 780 2457 ita
806 2391 981 2490 majestatis
1012 2397 1145 2460 divinae
1173 2400 1312 2462 alterum

244 2483 337 2570 quasi
358 2479 493 2568 prodeat
512 2481 677 2568 exemplar
714 2481 809 2542 rioris
823 2483 992 2544 aemulum.
1036 2483 1089 2544 Sic
1105 2489 1213 2546 omnia
1230 2485 1310 2553 haec

218 2570 412 2654 'aptissime
448 2589 505 2632 suo
540 2567 612 2628 loco
649 2503 809 2628 delineata
837 2578 869 2628 et
896 2569 1076 2654 coraposita
1106 2591 1175 2632 esse
1211 2581 1311 2654 patet.

243 2653 377 2736 Singula
404 2654 482 2715 baec
514 2663 599 2714 sunt.
663 2651 805 2713 Theatro
828 2652 888 2714 illo
909 2651 1080 2738 splendido
1102 2655 1311 2742 undequaque

241 2749 413 2826 conspecto
442 2747 533 2801 vates
562 2739 681 2800 librum
701 2739 799 2800 etiam
821 2738 858 2800 in
879 2737 932 2802 dei
954 2737 1066 2802 dextra
1085 2743 1188 2803 teneri
1209 2742 1311 2818 videt,

197 2896 201 2905 s
242 2849 338 2911 quem
364 2845 471 2888 rerum
493 2825 705 2886 humanarum
725 2818 871 2885 fortunas
885 2819 1016 2887 rfuturas
1038 2827 1188 2912 amplecti
1210 2838 1244 2888 et
1266 2843 1328 2890 ex'

212 2955 214 2968 .
241 2913 254 2974 i
279 2933 315 2974 so
346 2910 418 2976 loco
447 2919 479 2973 et
507 2932 549 2972 ex
575 2905 1310 2996 ptiust,1.1nol1itissacileerataugurari.

277 3008 290 3058 t
310 3015 406 3058 nemo
428 2989 562 3080 usquam
581 2997 807 3057 coelicolarum
830 2996 951 3058 librum
971 3017 1081 3060 arcana
1103 2993 1204 3060 futuri
1223 3009 1310 3060 tem-

234 3081 335 3172 poris
365 3092 488 3164 septem
514 3082 633 3160 sigillis
659 3081 783 3142 inclusa
804 3083 1021 3144 continentem
1041 3083 1239 3168 prehendere
1249 3085 1310 3146 ἐὶ-

241 3163 395 3252 gillisque
417 3165 548 3229 reclusis
568 3167 674 3245 legere
696 3176 822 3252 potest,
846 3167 947 3229 donec
962 3169 1106 3248 tandem,
1129 3172 1184 3256 qui
1195 3172 1314 3232 ceteris

164 3321 167 3335 ‚
242 3251 409 3338 coelicolis
445 3255 572 3337 'praeter
601 3249 695 3316 deum
726 3241 829 3346 major
853 3263 922 3327 est,
961 3245 1049 3346 cnjus
1083 3278 1172 3318 causa
1200 3257 1310 3318 omnia

241 3339 320 3400 haec
341 3349 493 3416 aguntur,
521 3333 670 3400 Messias
698 3335 824 3419 prodit,
855 3359 949 3424 quem
979 3338 1100 3402 diutius
1129 3353 1309 3404 morantem

240 3422 432 3508 tandemque
454 3423 662 3508 conspicuum
683 3441 721 3481 eo
743 3424 817 3506 plus
840 3445 951 3486 ornnes
973 3427 1164 3510 suspicimus
1184 3427 1310 3488 solum-

242 3530 304 3594 que
332 3506 534 3571 admiramur.
589 3504 622 3568 Is
645 3507 748 3582 enim,
781 3527 859 3596 quae
881 3503 950 3602 ejus
971 3525 1074 3585 sunt,
1091 3515 1180 3574 solus
1202 3511 1309 3592 legere

160 3591 168 3602 '
241 3603 364 3680 potest,
394 3594 525 3678 piorum
541 3591 694 3655 'nominis
724 3584 794 3689 ejus
816 3596 975 3657 cultorum
996 3592 1122 3692 adjutor
1141 3595 1309 3682 fautorque

242 3675 392 3757 unicus3¹
415 3700 510 3763 quare
539 3679 576 3737 ab
604 3679 752 3740 omnibus
782 3681 978 3768 summisque
999 3683 1163 3746 coelicolis
1184 3695 1310 3746 tantum

241 3787 361 3826 nuruen
390 3766 547 3824 submisse
567 3761 772 3824 adorantibus
795 3766 905 3828 laudes
928 3769 959 3829 ei
982 3771 1159 3831 offeruntur
1183 3769 1309 3848 dignae,

242 3851 401 3924 eximiae,
422 3869 575 3910 summae.
617 3845 662 3910 V.
682 3861 711 3917 1.
733 3847 847 3928 Liber,
882 3875 976 3938 quem
997 3853 1109 3916 dextra
1129 3853 1182 3917 dei
1203 3849 1308 3949 (cujus

242 3945 350 3998 tamen
383 3957 503 3998 nomen
530 3935 585 3994 hic
613 3935 740 4020 poetice
765 3939 836 4012 ,nob
863 3947 987 4000 tantum
1012 3961 1054 4002 ex
1076 3942 1189 4028 scripti
1209 3943 1309 4038 hujus

151 4033 155 4046 '
241 4020 354 4082 indole
384 4015 425 4081 cf.
446 4043 478 4106 p.
497 4027 574 4095 135,
604 4017 660 4082 sed
681 4032 754 4104 apte
775 4023 872 4082 etiam
892 4044 934 4086 ne
956 4024 1033 4110 quid
1053 4025 1179 4108 indigni
1201 4040 1234 4090 et
1254 4029 1310 4092 ni-

239 4107 303 4168 mis
323 4105 457 4168 humani
476 4099 636 4200 majestati
657 4104 788 4168 divinae
808 4109 980 4188 tribuatur,
1000 4113 1107 4174 verbis
1127 4112 1311 4200 ruinaeq-
