2774 4688
201 256 314 348 392Ι
441 241 501 312 ΙΠ.
528 241 728 314 Conclusio.
780 241 1074 338 cap.22,11,.

202 429 259 496 sed
288 427 400 504 statim
427 427 577 492 emittere
603 421 710 525 jubet:
744 449 817 492 cum
844 429 932 492 enim
960 425 1099 490 Messias
1129 436 1294 510 tempora

136 512 140 522 ’
202 511 235 664 So‘
258 509 384 600 καιρὸς)
405 515 556 602 proxima
576 513 661 589 sint,
702 535 814 578 omnes
841 517 1028 600 quantocius
1055 513 1228 576 monendi
1258 523 1295 574 et
1357 558 1361 567 .

227 603 341 664 ocendi
369 611 455 662 sunt.
513 593 653 685 Antiqui
680 601 769 661 enim
796 602 975 686 prophetae
1002 613 1037 662 ut
1062 591 1297 685 quae'futura
1357 636 1366 673 ;

204 689 343 752 ominati
365 696 455 751 erant
477 697 563 748 certo
585 683 754 772 aliquando
781 696 926 770 tempore
948 707 1004 748 suo
1026 695 1194 750 eventura
1220 703 1300 746 esse

206 775 356 835 omnibus
384 770 609 858 persuadeant,
643 770 769 832 oracula
796 793 1025 858 nomrunquam
1047 781 1151 855 prout
1177 791 1201 832 a
1229 767 1297 830 deo
1355 768 1366 853 Ι

148 869 151 878 “
204 859 320 922 dantur
342 859 453 920 statim
474 857 593 942 scripta
613 851 795 940 obsignari
821 867 854 918 et
874 854 1012 918 recondi
1034 857 1189 936 fingunt,
1225 876 1298 940 quo
1361 856 1366 867 '

206 957 343 1009 eventus
379 945 460 1005 olim
490 963 562 1004 cum
600 942 641 1002 iis
678 953 877 1026 comparatus
913 942 1149 1028 prophetarum
1185 941 1303 1002 fidem
1361 932 1367 941 ¹

205 1029 404 1115 eornprobet·
421 1047 593 1114 ornnesque
623 1027 755 1088 interim
783 1027 831 1088 rei
855 1022 980 1090 futurae
999 1031 1118 1112 pignus
1142 1028 1303 1090 habeant

206 1128 329 1178 eertum
357 1111 474 1189 les-8,
496 1125 526 1183 1·
549 1117 599 1182 16·
631 1121 684 1188 30,
703 1121 734 1181 8.
769 1111 905 1190 Βεὼρ,
924 1123 953 1183 2.
1011 1111 1118 1200 anue
1147 1113 1299 1174 fictione

206 1201 371 1286 imprimis
402 1201 528 1260 vatibus
559 1196 712 1260 utendum
733 1209 817 1274 orat,
855 1201 885 1260 si
905 1199 1098 1284 proplietam
1118 1197 1298 1284 quendam

139 1345 151 1368 ,
210 1286 412 1371 antiquitatis
432 1294 574 1346 remotae
596 1283 752 1344 celebrem
776 1283 816 1346 de
833 1285 929 1350 *rebus
943 1297 1022 1369 post
1038 1285 1168 1348 saecula
1183 1286 1301 1346 multa

207 1371 373 1436 eienturis
404 1383 587 1432 sermonem
613 1362 784 1432 facientem
809 1368 1064 1443 introducerentr
1096 1381 1135 1432 nt
1162 1369 1297 1450 Daniel

207 1459 286 1520 libri
307 1459 358 1518 sui
382 1455 508 1518 oracula
527 1465 602 1540 post
622 1455 745 1516 saecula
765 1451 833 1516 lere
855 1468 989 1542 quatuor
1009 1475 1100 1520 usum
1121 1465 1159 1517 et
1182 1475 1296 1516 even-

205 1555 278 1606 tum
306 1541 453 1602 habitura
484 1534 669 1624 obsignare
695 1551 729 1602 et
756 1541 829 1602 loco
858 1551 926 1603 tuto
951 1539 1130 1604 recondere
1155 1534 1294 1636 jubetur

209 1641 243 1703 a,
260 1633 312 1698 aa
338 1638 388 1700 n,
407 1631 438 1694 4.
458 1634 490 1698 o·
513 1618 553 1684 cs.
575 1622 674 1694 aEsr.
697 1635 750 1702 ro,
770 1634 899 1696 ease.
922 1631 971 1702 14,
992 1634 1044 1696 26.
1088 1622 1168 1717 Qua
1191 1629 1239 1688 in
1258 1645 1283 1686 re

144 1772 147 1786 ,
208 1735 282 1776 curn
307 1714 390 1776 liber
411 1712 465 1772 hic
486 1707 634 1772 Danielis
657 1713 804 1796 scripto„
828 1711 913 1797 quod
937 1713 1016 1774 alias
1036 1712 1187 1774 fideliter·
1210 1712 1280 1774 imi·

207 1810 311 1876 tatur,
347 1795 588 1858 dissimillimus
617 1795 680 1870 sit,
713 1817 764 1859 res
789 1799 944 1860 continuo
965 1809 1136 1860 eventuras
1160 1797 1286 1859 descri-

149 1949 157 1960 ,
207 1887 305 1962 bene,
334 1880 403 1945 vati
424 1902 443 1944 e
463 1879 645 1956 contrario,
664 1891 702 1940 ut
722 1903 763 1946 ne
782 1882 901 1952 librum
921 1884 1026 1958 huuc,
1056 1885 1138 1946 sicut
1161 1881 1288 1946 Daniel

208 1971 290 2033 olim
310 1961 419 2065 jussus
439 1978 522 2044 erat,
544 1967 747 2046 obsignatum
768 1978 801 2030 et
820 1967 1021 2032 reconditum
1042 1968 1287 2032 clandestinum

209 2072 329 2132 servet,
350 2047 542 2150 injungitur.
573 2084 617 2098 -
656 2050 703 2114 V.
723 2065 774 2124 11.
813 2053 977 2118 Sententia
1000 2055 1077 2117 haec
1099 2056 1289 2116 arctissime

137 2213 143 2222 υ
210 2164 282 2204 cum
308 2162 340 2204 v.
367 2151 417 2208 10.
447 2149 480 2200 et
500 2147 552 2208 12.
581 2147 711 2224 totaque
744 2139 803 2220 hac
835 2143 991 2204 sermonis
1013 2143 1097 2204 serie
1119 2143 1290 2204 cohaeret.

146 2279 153 2290 .
209 2225 291 2290 Cum
324 2223 460 2287 Messias
493 2223 644 2308 proxime
680 2223 873 2288 adventurus
906 2238 992 2288 corto
1022 2227 1203 2312 sperandus
1235 2228 1289 2302 sit,

210 2315 371 2400 patienter
403 2304 523 2374 feratur
552 2308 637 2394 quod
666 2303 870 2406 interjectum
894 2323 943 2374 est
973 2324 1098 2397 tempus
1121 2314 1287 2375 brevissi-

208 2418 317 2468 mum;
351 2389 526 2480 improbus
552 2413 658 2480 porro
673 2403 808 2478 peccet,
837 2393 967 2484 probus
982 2419 1088 2482 porro
1103 2393 1284 2483 probitati

210 2477 370 2544 studeat:
412 2477 499 2540 haud
528 2477 585 2538 din
618 2491 798 2542 moraturus
827 2495 878 2546 est
902 2481 1040 2544 Messias
1071 2494 1158 2559 tum,
1199 2479 1280 2570 quod

210 2568 417 2652 praecipuum
438 2557 512 2639 ests
531 2559 724 2648 improbum
744 2566 883 2650 puniens
905 2579 940 2630 ut
960 2591 1058 2656 porro
1080 2569 1197 2656 probis
1220 2591 1286 2629 no·

209 2674 280 2714 cere
310 2658 463 2736 nequeat,
484 2651 565 2710 'tum
590 2643 698 2732 probo
723 2658 934 2717 vexationum
954 2655 1112 2740 patienter
1133 2655 1288 2717 exantla-

193 2749 315 2800 ,tarum
343 2735 486 2820 praemia
514 2734 693 2796 retribuens
722 2730 818 2830 justa.
874 2737 1100 2826 Improborum
1133 2742 1288 2802 inimici-

208 2825 291 2884 tiam
320 2833 352 2882 et
386 2818 577 2882 vexationes
605 2841 662 2903 per
691 2831 818 2910 tempus
838 2821 955 2912 porro,
996 2827 1080 2911 quod
1103 2827 1287 2910 praeterla-

209 2910 301 2974 betur
322 2926 450 2976 necesse
473 2915 537 2980 est,
568 2905 665 2966 breve
685 2909 828 2972 tolerent
848 2912 897 2996 pii
919 2909 1016 2972 fidem
1037 2925 1126 2974 su'am
1147 2921 1181 2972 et
1202 2933 1290 2996 pro-

208 2995 345 3056 bitatem
375 2987 543 3054 infractam
570 2995 753 3055 servantes!
786 2991 827 3058 cf.
850 2997 993 3058 similem
1014 2998 1208 3058 sententiam
1228 3017 1289 3058 so-

206 3079 297 3142 landi
319 3098 412 3138 causa
433 3077 588 3136 insortam
610 3088 659 3152 13,
678 3089 727 3146 10.
752 3091 783 3141 et
805 3103 908 3167 praec,
932 3081 1231 3158 En00h‚104‚3.5‚
1251 3077 1284 3166 1)

211 3158 359 3252 sonantis
380 3157 541 3223 sordidos
558 3158 689 3224 Graecis
710 3186 858 3229 avarum
878 3177 987 3244 notat,
1022 3166 1077 3230 sed
1100 3169 1154 3229 hic
1172 3170 1291 3254 potius

210 3290 253 3330 ex
279 3267 370 3330 hebr.
403 3247 472 3318 Nili
505 3277 537 3330 et
570 3270 662 3355 &5212
682 3269 779 3334 Pron.
802 3283 855 3350 30,
878 3283 928 3344 12.
952 3272 1023 3350 (ubi
1043 3270 1159 3336 LXX.
1181 3270 1289 3361 idem)

124 3387 130 3398 ’
211 3399 279 3462 Jes.
301 3404 338 3472 lt,
360 3401 393 3464 4.
424 3393 467 3458 cs·
498 3364 556 3476 ί,
588 3401 658 3462 Sur.
680 3413 738 3480 91,
759 3413 790 3478 9.
814 3416 865 3474 10.
895 3404 1088 3492 impurum,
1127 3405 1291 3470 vitiorum

214 3507 365 3571 sordibus
397 3507 617 3594 inquinatum,
651 3517 724 3578 viro
747 3527 866 3580 sancto
889 3530 921 3580 ot
943 3522 980 3580 ab
1004 3522 1093 3582 omni
1116 3521 1194 3582 vitii
1216 3543 1290 3584 ma-

213 3596 285 3656 cula
306 3595 408 3656 libero
433 3601 630 3680 oppositum.
679 3601 742 3663 llic
766 3601 1009 3689 ῥυπαρευθήτω
1031 3608 1181 3683 (verbum
1199 3607 1290 3682 *alibi

212 3693 249 3742 ut
270 3677 399 3750 videtur
420 3681 506 3745 haud
528 3679 678 3770 obvium)
706 3685 909 3774 inquinetur
931 3703 1056 3776 porro,
1089 3694 1183 3754 vitiis
1206 3715 1288 3756 con-

247 3861 285 3932 1)
304 3867 376 3920 rriale
394 3873 529 3922 sententia
547 3871 615 3925 haee
633 3891 649 3926 e
671 3870 762 3928 v‘erbis
780 3875 825 3928 his
842 3879 936 3930 elicita
955 3889 1011 3934 est:
1036 3898 1109 3930 nemo
1128 3879 1235 3949 cogitur
1252 3888 1286 3928 ut

283 3935 369 3997 vertis
394 3937 437 3990 his
454 3940 539 4008 fidem
563 3941 673 3998 babeat.
716 3947 779 4004 Hoc
803 3965 892 4018 neque
921 3956 1015 4006 versui
1040 3957 1113 4004 inest
1132 3968 1227 4020 *neque
1250 3949 1286 4004 ad
1372 3949 1373 3952 ’

284 4024 389 4062 nexum
407 4020 547 4081 congrait.
803 4029 806 4046 ·

423 4261 428 4296 l
