2774 4688
149 4211 154 4220 ¹
219 4203 223 4233 Ι

227 1523 231 1540 ’“
295 1527 370 1620 Qua
397 1541 465 1592 arte
492 1529 530 1590 ab
558 1529 621 1591 hoc
650 1529 726 1592 inde
754 1530 827 1590 loco
863 1527 902 1590 ad
934 1529 1034 1592 finem
1052 1549 1154 1615 usque

168 301 179 316 ”
272 301 346 383 262
397 303 440 375 11.
464 299 641 374 Visiones.
669 300 731 372 111.
751 313 786 385 2.
812 300 856 372 Β.
876 311 915 381 3.
929 324 959 372 c.
980 293 1024 396 β
1046 301 1135 398 Cap.
1158 303 1225 394 16,
1240 306 1323 384 ·16.

271 496 443 572 partesque
471 485 662 552 inhonestas
691 487 863 565 obtegunt,
900 481 994 554 'Geta
1008 495 1040 564 9.
1062 495 1119 558 22·
1138 449 1197 560 26·
1229 485 1325 549 Hah.
1338 500 1361 564 1,

280 577 407 642 15.16.
438 573 641 658 maximaque
672 559 872 647 meretricis,¹
907 571 1011 658 qualis
1040 569 1147 634 R‘oma
1182 583 1237 636 est
1273 596 1304 634 c.
1322 587 1361 650 17,

225 695 228 702 .
280 653 417 719 infamia
444 667 477 718 et
503 679 608 742 poena
629 659 771 720 vestium
792 669 959 718 ornatuum
981 679 1021 720 ue
1041 656 1204 724 detractio
1222 659 1362 720 'hahetur

281 741 347 804 Jfls·
365 752 398 816 31
423 751 474 811 17·
495 745 547 818 47,
565 751 596 812 2·
615 753 648 812 3·
678 741 759 806 Hos·
781 752 812 817 2,
834 751 885 812 12·
917 741 945 804 N
991 785 1000 802 ·
1020 751 1051 819 31
1073 751 1105 814 5·
1139 741 1212 804 Jffl'·
1239 755 1298 819 131
1319 752 1362 814 26·

280 837 334 901 27.
355 821 397 888 ci.
419 822 506 890 iufra
528 839 577 904 17,
601 833 651 897 16.
709 824 819 910 Quare
840 828 919 889 haec
940 848 959 890 e
980 827 1207 904 sacerdotum,
1251 830 1362 914 quibus

283 910 486 994 vigilandum
518 933 644 998 semper
664 923 698 974 et
718 913 863 974 vestibus
882 923 997 975 'tomrn
1023 934 1140 998 corpus
1175 916 1362 994 tegentibus

286 997 501 1060 incedendum
521 1009 608 1073 erat,
637 997 779 1078 imagine
802 996 946 1060 desumta
969 1017 1039 1060 esse
1058 1000 1107 1073 (ut
1125 1000 1204 1061 varlt
1220 999 1363 1080 Schh'ttg.

287 1085 361 1146 hor.
385 1081 413 1144 l.
443 1103 477 1170 p.
500 1083 618 1165 1132.)
648 1083 735 1166 haud
767 1093 859 1170 puto.
891 1074 1105 1173 ἀσχημοσύνη
1139 1079 1363 1170 desumitur,

289 1185 374 1274 apud
400 1185 517 1250 LXX.
549 1185 611 1250 Εἰ.
633 1197 694 1264 20,
716 1194 770 1259 26.
799 1187 934 1273 ponitur
963 1207 1023 1272 pro
1058 1187 1153 1276 ΠᾎἾξ
1186 1185 1362 1260 nuditate,

288 1295 370 1362 quae
391 1274 490 1335 simul
517 1267 656 1336 foeditas
676 1283 710 1336 et
731 1265 920 1336 deformitas
942 1275 1014 1336 sisa
1038 1286 1100 1336 est.
1150 1271 1210 1334 Sic
1231 1274 1363 1358 pulchre

292 1371 383 1421 vates
405 1359 491 1446 quod
521 1359 557 1421 in
579 1359 748 1444 prooemio
770 1379 797 1419 c.
815 1369 846 1429 2.
867 1367 900 1429 3.
922 1357 1066 1436 monuit,
1099 1347 1196 1420 iacto'
1212 1379 1363 1444 compro-

291 1446 362 1506 hari
394 1441 503 1520 docet,
550 1443 729 1530 iisdemque
760 1444 868 1507 verbis
902 1441 942 1506 ed
979 1444 1074 1506 effata
1104 1444 1165 1506 illa
1178 1457 1362 1590 sprovocat

1195 1549 1233 1592 re
1263 1543 1363 1592 uenter

292 1617 406 1677 utitur.
459 1611 499 1676 Id
519 1626 626 1677 autern
646 1635 825 1702 quanquam
850 1609 1043 1679 facillimum
1075 1615 1209 1694 agnitu,
1236 1551 1361 1687 qtamen,

185 1751 188 1768 ,
252 1729 258 1756 r
293 1701 368 1790 quia
397 1700 590 1786 interpretes
619 1701 718 1781 vulgo
739 1721 909 1786 perperam
929 1700 993 1762 hoc
1013 1700 1208 1780 neglexere,
1238 1704 1377 1780 gravisi

292 1790 413 1848 simum
432 1795 545 1862 notatu
566 1795 633 1862 est,
665 1796 771 1848 totum
797 1785 861 1846 hoc
891 1786 1109 1872 epiphonema
1139 1786 1310 1848 insertum
1331 1785 1360 1848 ad

207 1875 209 1882 '
293 1873 409 1934 ultima
430 1891 464 1932 v.
483 1876 533 1940 14.
554 1873 651 1933 verba
671 1869 731 1954 τῆς
750 1863 878 1956 ἡμέρας
898 1875 958 1937 τοὺ
975 1871 1061 1938 θεοῦ
1073 1871 1258 1958 pertinere.
1296 1871 1360 1934 Diei

293 1951 392 2054 hujus
429 1953 536 2018 divini
569 1977 625 2018 seu
654 1977 780 2041 pugnae
808 1953 930 2040 Romae
960 1955 1111 2019 instantis
1138 1958 1271 2019 mentio
1301 1960 1360 2019 soh

296 2043 475 2106 sentehtiae
503 2043 644 2103 insertae
672 2043 785 2104 ansam
810 2039 915 2116 dedit,
948 2042 994 2103 ita
1023 2052 1060 2126 ut
1085 2051 1119 2105 et
1138 2055 1360 2123 argumentum

261 2137 264 2145 '
295 2123 394 2224 hujus
423 2147 456 2190 v.
479 2137 530 2196 15.
552 2127 695 2194 alienum
715 2145 785 2190 esse
805 2137 942 2212 nequeat
962 2138 995 2188 et
1017 2129 1120 2189 oratio
1141 2141 1222 2214 post
1244 2130 1377 2204 inserta,

196 2249 200 2258 ‹
296 2215 375 2276 haec
404 2213 501 2282 verba
525 2233 554 2274 e.
572 2218 622 2282 16.
647 2211 731 2275 serie
756 2212 842 2273 haud
863 2215 1042 2299 interrupta
1059 2225 1182 2297 pergat.
1250 2211 1360 2276 Consi-

293 2301 376 2362 lium
404 2298 492 2360 enim
520 2297 684 2384 principes
713 2317 866 2384 regesque
898 2317 1010 2360 omnes
1042 2298 1197 2361 adversus
1225 2295 1357 2362 Romam

295 2381 494 2446 convocandi
511 2434 514 2440 .
530 2383 763 2469 (συναγαγεῖν)
792 2403 827 2444 v.
849 2386 898 2452 11.
930 2383 1127 2469 descriptum
1154 2378 1224 2480 jam
1249 2406 1292 2449 π.
1315 2393 1356 2455 16.

295 2481 400 2530 ratum
427 2469 487 2534 ht:
519 2469 685 2530 confluunt
707 2487 819 2530 ornnes
840 2467 879 2528 ad
900 2465 1037 2530 Romam
1063 2469 1276 2532 evertendam
1302 2469 1354 2554 (17,

296 2561 355 2632 163
383 2543 571 2637 συνήγαγεν
592 2544 701 2617 secl
722 2544 903 2638 πνεύματα
925 2575 955 2616 v.
974 2559 1026 2624 14.
1047 2556 1183 2639 spiritus
1204 2557 1245 2616 hi
1267 2552 1355 2618 fasci-

294 2650 408 2702 nantes
429 2638 567 2699 sociatos
587 2637 626 2700 ad
642 2635 781 2702 Romam
797 2635 1008 2701 invadendam
1026 2636 1273 2788 convocarunqp.
1302 2641 1352 2702 Sed

295 2725 404 2788 noluit
434 2734 522 2786 vates
549 2719 697 2786 Romam¹
715 2725 819 2810 ipsam
839 2723 893 2786 hic
912 2725 1098 2801 nominare,
1126 2720 1215 2788 infra
1258 2749 1352 2788 emuru

297 2833 325 2871 c.
347 2819 397 2881 17.
428 2808 538 2894 paullo
559 2808 732 2872 dilucidius
752 2809 931 2894 certiusque
951 2809 1165 2887 innuendam,
1194 2813 1283 2875 unde
1304 2816 1352 2874 oh-

297 2903 444 2957 scuriust
470 2890 709 2957 conduxerunt
737 2916 792 2956 eos
819 2891 868 2956 ad
891 2891 1004 2956 locum
1024 2891 1182 2958 hebraice
1203 2893 1352 2958 Harum-

292 2996 431 3084 geddon
457 2977 653 3088 (ivvii)
677 2997 820 3062 dictum.
846 3061 851 3072 ,
879 2997 966 3060 Situs
996 2997 1051 3060 hic
1072 3000 1162 3061 vicus
1181 2993 1277 3096 juxta
1297 3001 1352 3064 Ta-

298 3089 409 3148 horem
428 3097 573 3148 montem
593 3087 630 3149 in
650 3085 735 3152 trihu
755 3082 910 3144 Manassis
931 3081 1004 3146 Jud.
1027 3096 1056 3159 1,
1078 3089 1135 3155 27.
1152 3083 1219 3146 Jos.
1234 3097 1286 3162 12,
1297 3099 1350 3160 ,21

300 3167 402 3257 1Reg.
421 3175 453 3249 4,
475 3182 526 3241 12.
550 3181 657 3248 9,15;
680 3169 788 3250 2Reg.
806 3177 837 3245 9,
848 3177 901 3238 27.
922 3165 1020 3238 3Esr.
1043 3181 1072 3246 1,
1085 3177 1128 3239 27
1136 3191 1146 3246 ς
1169 3165 1350 3257 infamisque

297 3257 376 3317 satis
405 3269 454 3342 est
477 3257 523 3340 ‚ob
551 3255 656 3318 clades
684 3257 732 3316 ibi
759 3255 951 3317 exercitibus
978 3253 1374 3344 inflictas'gravissimasv

296 3336 348 3402 Ibi
369 3343 457 3405 enim
478 3343 559 3404 olim
585 3339 712 3405 Debora
730 3338 950 3402 Israelitarum
972 3338 1084 3402 hostes
1105 3339 1267 3403 devicerat
1288 3343 1349 3404 tud.

297 3435 329 3500 5,
353 3435 410 3502 193
442 3437 474 3490 et
499 3427 604 3490 Josias
625 3450 684 3491 rex
705 3449 724 3490 a
743 3426 919 3489 Pharaone
932 3423 1041 3486 Necho
1064 3437 1168 3506 strage
1188 3437 1253 3489 tam
1274 3429 1349 3492 tristi

297 3522 331 3572 et
360 3512 498 3573 terribili
524 3513 714 3597 profligatus
740 3511 926 3596 occisusque
957 3519 1006 3571 est
1031 3509 1141 3591 2Reg.
1162 3522 1213 3587 23,
1233 3523 1286 3586 29.
1305 3526 1347 3585 3ο.

296 3593 444 3670 2Chron.
462 3604 518 3675 35,
543 3609 601 3672 22,
629 3611 665 3660 ut
695 3597 799 3666 serius
831 3598 928 3658 etiam
951 3589 1059 3656 ¹cladis
1087 3592 1183 3694 hujus
1205 3603 1346 3661 memoria

271 3681 448 3768 ‘exemplo
483 3683 659 3746 inserviret
691 3681 790 3744 Zach.
817 3691 875 3756 12,
904 3687 956 3748 11'.
1021 3679 1137 3744 Nonne
1166 3704 1240 3763 erge
1270 3698 1344 3748 vates

179 3777 204 3833 ,⁹
241 3785 244 3795 ‘
295 3789 429 3831 nornine
462 3767 526 3828 hoc
556 3766 694 3834 Romam
721 3767 889 3847 designare
917 3776 1044 3848 poterat
1065 3789 1144 3853 quae
1166 3769 1252 3830 clade
1273 3782 1344 3832 tauta
1372 3789 1373 3861 q

296 3841 446 3920 occasuta'
472 3853 516 3912 sit
548 3867 681 3937 quantas
711 3855 818 3914 locum
845 3849 1112 3930 Hatmaggeddon
1134 3853 1283 3918 afflixisse
1301 3857 1344 3915 hi-

277 3937 398 4012 ‚storia
427 3937 597 4000 narrabat?
627 3938 664 4018 Ι)
699 3934 792 4002 Alibi
821 3934 951 4022 quidem
978 3957 1047 3998 nou
1080 3959 1129 4032 Ἢ
1155 3935 1267 4014 niens,
1299 3941 1342 4003 sed

329 4098 365 4167 1)
384 4077 501 4153 Facilior
521 4118 586 4162 sane
605 4114 677 4156 esset
693 4107 777 4166 ratio,
804 4106 829 4164 si
844 4117 946 4154 nomen
965 4100 1151 4168 syrnbolicnm
1170 4103 1281 4157 Romam
1296 4123 1342 4156 cer-

363 4173 418 4224 tius
446 4183 475 4226 et
498 4179 658 4227 consuetius
689 4175 822 4228 denotans
841 4177 961 4241 positum
980 4185 1060 4226 esset.
1103 4174 1202 4244 -Igitur
1218 4177 1341 4246 aliquando
1371 4199 1372 4234 g
