2848 4682
58 355 64 374 ,
136 405 140 424 .
246 320 296 388 34
431 297 489 374 De
510 301 670 374 tontibus
694 281 867 415 materiae
894 313 930 430 pt
956 305 1133 414 dicduuia
1192 362 1195 368 ,

163 541 165 546 .
186 503 192 514 “
228 487 324 568 rimi
345 488 459 554 sa'lterb
478 487 655 557 Christiani
673 485 734 591 sibi
756 487 1046 570 informaverant,·
1062 489 1214 575 opinione
1233 481 1320 558 hau-

170 618 172 630 ·
242 596 320 668 ,sits
354 595 446 682 Quae
478 593 608 680 quidem
626 592 804 682 ¹quomodo
839 593 948 675 enasci
980 596 1122 682 potuerit
1156 596 1185 661 si
1216 619 1318 684 porro

143 744 145 754 ·
247 701 451 788 quaerimus,
491 698 577 764 baud
613 696 711 763 dubie
738 719 807 762 nou
839 717 962 762 novam
992 697 1137 767 'dicemus
1167 713 1199 766 et
1228 703 1319 788 prius

249 805 442 885 inauditam,
474 802 530 868 sed
555 826 600 870 ex
621 806 657 868 'ea
684 802 782 890 qualia
795 813 876 899 ¹turn
897 801 1058 889 imprimis
1081 803 1238 890 temporis
1258 806 1320 870 Ju-

247 911 350 994 dseqs'
370 908 533 989 exercuit,
575 929 752 980 munerum
778 907 917 974 Messiae
946 908 1193 994 exspectatique
1211 921 1320 976 ortam

249 1029 286 1082 et.
306 1015 345 1080 ad
366 1014 533 1080 Christum
554 1013 752 1080 translatam.
810 1011 982 1097 Tantaque
1009 1011 1318 1097 inter'ludaeorum

203 1169 204 1181 ,
250 1121 291 1185 de
311 1119 429 1188 Messia
449 1119 595 1184 notiones
622 1128 698 1204 post
724 1115 867 1182 Danielis
889 1117 1010 1190 librum
1030 1117 1070 1188 ad
1093 1114 1320 1186 christianismi

209 1295 211 1304 s
245 1247 355 1314 usque
381 1221 560 1309 primordia
580 1221 733 1288 formatas
759 1231 792 1284 et
819 1209 1078 1288 Christianorum
1100 1221 1200 1307 primi
1222 1227 1320 1291 seculi

158 1397 161 1406 ,
251 1329 291 1392 de
317 1327 449 1402 Christo
475 1324 630 1393 redeunte
643 1339 744 1414 ,spem
764 1320 933 1390 intercedit
953 1323 1155 1390 necessitudo
1176 1339 1209 1393 et
1229 1331 1321 1398 simi-

251 1432 499 1516 litud01),·ut
534 1430 709 1496 Christiani
743 1427 892 1494 meliores
923 1430 1015 1507 (nam
1048 1428 1088 1494 de
1121 1432 1320 1500 deteriorum

246 1538 442 1628 opinionum
474 1533 651 1603 fautoribus
680 1543 718 1596 ut
751 1531 908 1598 Cerintho
931 1555 1010 1601 »nou
1039 1536 1215 1626 loquimur)
1246 1562 1320 1637 ¹non

249 1645 313 1714 uisi
340 1643 376 1708 iu
401 1639 533 1728 judaicis
565 1635 751 1704 notionibus
783 1636 822 1702 ad
853 1637 1045 1706 christianae
1071 1643 1235 1730 religionis
1261 1667 1320 1734 ge-

249 1749 343 1817 nium
379 1749 540 1834 sapienter
575 1739 760 1828 adaptandis
789 1753 822 1806 et
854 1743 886 1808 a'
907 1744 1015 1810 nimiis
1050 1751 1214 1832 terrestris
1240 1733 1346 1816 olini'

231 1851 406 1920 'felicitatis
427 1847 619 1938 imaginibus
645 1844 822 1934 purgandis
849 1843 932 1912 bene
958 1850 1066 1917 meriti
1095 1874 1165 1942 esse
1194 1853 1320 1922 dicendi

246 1957 324 2022 sint.
361 1957 420 2022 ·Et
450 1955 477 2048 si
503 1951 644 2040 excipias
676 1948 717 2012 de
748 1949 887 2040 Messiae
921 1973 1025 2054 regno
1058 1957 1207 2027 milliario
1225 2015 1228 2023 ,
1246 1954 1319 2026 ante

168 2097 173 2104 ·
248 2060 365 2128 mundi
394 2061 475 2126 novi
506 2072 616 2122 ortum
643 2054 842 2121 instituendo
874 2057 1063 2144 opinionem
1091 2063 1199 2150 Apoc.
1228 2087 1255 2128 c.
1267 2077 1319 2138 ρο.

245 2187 348 2252 quam
378 2175 416 2230 ut
445 2163 481 2228 in
510 2161 641 2258 reliquis
673 2161 786 2224 saltem
812 2161 858 2227 N.
881 2161 926 2230 Τ.
954 2163 1044 2230 libris
1074 2185 1142 2232 nou
1173 2168 1318 2254 legimns,
1414 2181 1415 2188 ’

246 2272 293 2336 ita
314 2270 400 2336 iuter
423 2267 624 2334 Christianus
653 2251 776 2330 auctbri
804 2275 920 2330 nosne.
947 2269 1091 2354 aequales
1120 2269 1210 2336 haudv
1235 2291 1319 2358 pau·

249 2399 306 2440 cos
337 2373 479 2462 viguisse
510 2373 584 2438 satis
615 2371 682 2456 jam
697 2367 829 2434 exinde
855 2380 958 2456 patets
993 2374 1078 2457 quod
1100 2373 1319 2464 Apocalypsis

247 2500 320 2546 eam
343 2500 412 2544 non
431 2489 470 2544 ut
489 2493 610 2542 novam
632 2485 750 2560 urguet
770 2484 801 2537 et
821 2474 1044 2558 commendat,
1074 2477 1131 2544 aed
1150 2491 1188 2544 ut
1209 2481 1320 2546 omui-

197 2580 204 2588 ’
247 2585 320 2650 bus·
337 2584 500 2672 cognitam
527 2578 720 2670 brevissime
740 2576 914 2659 describit3
946 2581 973 2646 si
998 2602 1100 2669 porro
1120 2599 1233 2672 poetae
1260 2608 1317 2652 or·
1412 2665 1414 2674 A

245 2675 378 2770 natum,
411 2689 460 2754 uti
481 2685 613 2765 fasest,
644 2681 867 2748 auctionibus
888 2684 1087 2772 simplicibus
1109 2688 1187 2774 ipsis
1208 2711 1317 2760 secer·
1413 2745 1414 2748 ,

245 2817 321 2859 nas:
354 2791 435 2857 nihil
461 2802 509 2860 est
534 2789 569 2854 in
592 2785 794 2872 Apocalypsi
822 2785 862 2850 de
890 2787 1028 2854 Messiae
1054 2790 1197 2858 adventu
1224 2792 1316 2860 futu·
1413 2803 1414 2874 ]

217 2919 346 2984 iraque
374 2911 439 2961 tam
468 2895 598 2980 piorum
620 2903 718 2976 quam
744 2890 923 2976 impiorum
942 2905 1029 2958 sorte
1053 2893 1191 2975 dictu'm,
1223 2901 1314 2981 cnjus
1413 2887 1414 2892 ἵ

143 3016 146 3028 “
244 3000 395 3086 origines
405 3010 436 3062 et
454 2999 544 3062 velut
564 2995 670 3082 prima
690 2993 827 3058 stamina
847 2994 881 3058 in
903 2996 1033 3080 reliquis
1052 2999 1097 3064 N.
1119 3000 1161 3064 Τ.
1179 3002 1315 3089 scriptis,
1413 3037 1414 3048 ι

113 3136 146 3196 '.
221 3089 332 3170 ‘Pauli
357 3099 535 3189 imprimis,
565 3101 653 3166 Petri
672 3099 885 3190 ⁵etpriorum
910 3097 1013 3163 trium
1045 3105 1314 3193 evangelistarum
1367 3086 1370 3097 ¹

204 3349 207 3354 '
279 3343 312 3418 1)
330 3343 365 3398 da
391 3341 457 3400 libri
475 3341 564 3399 Sohar
590 3352 621 3397 et'
637 3318 775 3396 seriorum
790 3339 980 3396 llabbinornm
998 3321 1164 3400 commentis
1180 3364 1223 3402 ex.
1235 3361 1314 3418 parte

310 3435 437 3489 absurdis
469 3453 527 3488 uon
549 3434 664 3502 loquore
696 3441 723 3482 at
748 3435 773 3483 si
796 3430 889 3490 sontes
913 3447 1022 3490 tantssm
1045 3436 1100 3490 lide
1124 3433 1340 3508 dignissimos„

156 3569 162 3578 ,
195 3577 197 3581 ,
264 3573 267 3578 ,
313 3524 496 3602 ιιιιῦιιιιίεὶὶι
518 3521 644 3590 librum,
673 3519 861 3590 apocryphos
888 3527 926 3580 V.
935 3527 970 3580 Τ.
1012 3525 1140 3580 Heucchi
1164 3519 1270 3582 librum
1287 3540 1316 3584 et

311 3609 477 3672 Talmudem
512 3617 670 3680 sequimur,
707 3613 864 3668 similitudo
897 3617 950 3670 ista
982 3621 1052 3670 mira
1082 3622 1179 3687 negari
1209 3617 1316 3689 nequit.

311 3706 377 3760 Scio
409 3705 522 3776 quidem
546 3701 576 3758 S·
598 3703 636 3756 V·
662 3699 825 3758 Siiakiud
856 3709 887 3760 iu
915 3717 1063 3760 comment·
1088 3707 1124 3761 da
1146 3708 1203 3762 hoc
1228 3727 1315 3780 argu-

310 3807 405 3850 mento
429 3797 566 3864 peculiari
591 3797 696 3874 inserta
721 3791 796 3848 libro
819 3795 950 3864 Magaziu
973 3795 1021 3849 fiir
1039 3797 1145 3852 chrissl.
1162 3781 1315 3869 Dogmatils

308 3881 376 3939 isso.
392 3885 431 3940 X·
461 3901 489 3953 p·
505 3889 624 3948 96-143
661 3890 723 3940 eaui
756 3898 888 3964 negasse,
925 3886 1139 3942 assentientibus
1168 3889 1247 3955 aliis,
1283 3902 1334 3945 ut·

307 3973 443 4031 Schott
468 3975 503 4030 da
527 3975 630 4031 Christ·
652 3975 746 4044 reditu
768 3979 872 4044 p.123;
901 3976 949 4028 aed
966 3977 996 4029 td
1020 3976 1208 4048 saltationibus
1224 3986 1319 4051 magis

227 4067 231 4073 “
305 4066 470 4136 dogmaticis
499 4081 582 4136 quam
606 4066 750 4142 historicis
768 4075 906 4134 uagatum
930 4083 991 4128 esse
1016 4071 1089 4124 iuter
1113 4069 1168 4124 alia
1186 4087 1222 4125 en
1239 4069 1315 4136 libro
1412 4107 1413 4116 ι

303 4157 438 4223 Henoehi
455 4155 614 4244 luculenter
641 4165 731 4224 potest
758 4153 950 4212 demonstrari.
998 4179 1002 4191 ¹
1040 4169 1044 4178 ‘

808 4311 816 4350 i
