2840 4690
64 969 70 978 ,
157 969 162 974 ,
210 883 215 892 ’
249 917 415 986 nunquam
436 899 489 960 dei
510 898 657 962 custodes
682 895 728 984 (v.
743 893 789 978 8.)
809 897 918 958 habito
937 894 1010 958 inte

1041 215 1047 224 ι

257 296 331 370 138
405 273 442 387 ι’
511 281 554 352 Il.
581 277 755 368 Visiones.
805 261 1011 377 ’1.011ΡᾹ4,
1032 296 1065 368 7.

247 469 311 550 ΕΖ.
325 475 389 548 1,,5
407 489 476 556 sqq.
499 472 611 546 10,14.
631 463 780 548 cognosci
791 477 909 550 potest.
953 466 1033 532 Cum
1049 463 1196 567 jumento
1211 473 1331 536 throni

255 555 361 617 divini
389 557 563 618 convenire
585 552 747 628 videatur,
775 562 812 643 ut
832 552 1042 642 quodcunque
1064 553 1160 620 robur
1181 551 1331 620 fortissi-

253 643 317 704 mis
346 641 396 702 est
414 642 633 717 ‘anirnelibus,
668 637 702 700 id
730 651 948 742 conjunctum·
980 641 1139 718 ossid'eat,
1166 640 1332 713 dederunt

252 729 319 812 ipsi
336 737 451 814 poetae
462 722 688 790 fortitudinem
705 722 812 790 leones
820 769 830 799 ,
847 727 942 798 robur
955 663 1071 802 iovis,
1086 728 1151 790 ulos
1164 727 1310 814 aquilae
1316 751 1331 805 ,-

251 833 385 900 cumque
404 835 472 875 non
492 816 601 876 minus
621 805 764 908 jumento
784 803 919 873 heec'ut
938 810 998 874 deo
1012 807 1171 960 proxime
1188 825 1221 877 et
1238 836 1330 876 uon-

1024 896 1213 982 ligeotiom
1234 899 1333 961 sum-‘

251 1005 337 1046 mam
363 985 528 1068 possidere
557 995 667 1070 eptem
697 981 876 1058 videretur,
906 980 1055 1043 hominis
1077 977 1180 1046 forma
1201 977 1331 1050 ad'ecta

248 1081 315 1146 est3
335 1069 418 1132 hunc
438 1083 523 1134 certe
566 1069 783 1156 uadruplicern
804 1063 942 1150 formam
963 1089 1000 1129 ea
1018 1055 1211 1164 conjungere
1225 1005 1327 1150 dogit

246 1152 401 1240 Eeeehiel
422 1157 476 1218 cll.
496 1093 596 1220 l'iile
619 1155 659 1218 R.
680 1153 804 1216 Elieser
825 1176 851 1215 c.
869 1160 901 1224 4.
939 1152 1103 1218 lohannes
1124 1166 1246 1233 tamen,
1270 1157 1326 1218 cui

246 1237 385 1305 sortasse
411 1245 515 1306 mixto
541 1244 615 1306 talis
635 1243 738 1320 figura
758 1241 963 1328 displicebat,
997 1261 1104 1302 annm
1125 1251 1248 1304 tantum
1267 1255 1327 1304 aut

174 1354 178 1362 ·
245 1326 353 1394 leonis
379 1340 432 1391 aut
456 1329 551 1392 bovis
582 1339 637 1390 aut
668 1327 813 1390 hominis
832 1327 886 1389 adt
911 1325 1036 1412 aquilae
1056 1320 1192 1388 sormam
1214 1329 1325 1414 quod-

204 1413 209 1424 “
246 1433 307 1498 que
335 1427 471 1503 quatuor
495 1414 631 1504 illorum
651 1415 862 1484 errimantium
884 1411 1004 1478 referre
1026 1411 1121 1491 fingit
1142 1433 1175 1474 v.
1191 1423 1230 1487 7,
1250 1415 1323 1476 alas

243 1509 353 1564 tamen
373 1502 487 1586 cuique
509 1519 567 1562 sex
587 1500 699 1560 tribuit
719 1520 752 1560 v.
764 1510 796 1570 8.
839 1497 931 1581 Quae
952 1518 1025 1560 cum
1044 1498 1090 1559 ita
1111 1498 1199 1573 sint,
1221 1491 1326 1564 facile

195 1609 205 1640 '-
244 1613 396 1688 apperet,
414 1602 478 1682 ζῶα
498 1605 576 1666 hoec
597 1601 765 1665 Johannee
786 1613 818 1665 et
840 1602 932 1676 11ῆῖ11
955 1599 1138 1666 Ezechielis
1156 1619 1225 1666 non
1244 1623 1320 1664 esse
1368 1603 1372 1607 ’

218 1707 229 1756 ‚⁴
243 1695 394 1749 naturas
427 1685 681 1774 intelligentes,
721 1685 777 1750 sed
804 1707 916 1750 revera
947 1683 1121 1748 animalia
1148 1708 1191 1750 ex
1221 1689 1320 1750 unica

186 1797 191 1804 ·
242 1775 334 1835 vocis
351 1772 605 1852 significativum
625 1795 683 1836 nec
704 1795 741 1836 ea
754 1763 903 1858 ‘angelos
919 1791 1007 1848 esse,
1028 1771 1216 1860 quibuscbrir
1229 1775 1316 1836 male

243 1853 483 1921 confunduntur
517 1880 534 1921 a
563 1858 693 1922 ludaeis
721 1855 838 1937 (Bux‘t.
857 1858 925 1918 lex.
951 1879 985 2004 p
1009 1863 1123 1934 1115.)
1155 1859 1317 1945 aliisque,

241 1964 422 2031 quanquam
450 1945 538 2008 enim
559 1944 724 2008 lohannes
752 1943 804 2004 his
826 1955 861 2004 ut
883 1943 948 2004 anir
971 1944 1073 2004 alibus
1094 1943 1315 2026 intelligentia

239 2029 395 2115 praeditis
406 2029 533 2093 laudem
555 2031 608 2093 dei
630 2042 663 2092 et
683 2051 797 2092 vocem
814 2029 988 2090 humanam
1001 2029 1115 2090 tribuit
1129 2039 1160 2106 5,
1171 2041 1208 2106 38.
1230 2029 1323 2106 6,·1.

240 2125 292 2192 19,
315 2123 347 2186 4.
369 2127 402 2177 et
422 2138 522 2178 unum
542 2116 688 2202 phialam
714 2115 864 2200 praebere
893 2115 988 2193 fingit
1008 2125 1057 2191 15,
1079 2123 1102 2184 7
1109 2136 1118 2191 3
1139 2122 1314 2202 [nunquam

238 2211 347 2264 tamen
369 2222 407 2263 ee
427 2223 445 2262 a
464 2203 584 2264 throno
610 2200 663 2262 dei
689 2199 849 2262 discedere
871 2210 903 2261 et
924 2200 1112 2280 angelorum
1133 2199 1186 2262 dei
1207 2201 1313 2262 instar

155 2318 165 2326 ·
238 2287 378 2368 ablegari
398 2298 547 2372 possunt.
599 2286 708 2364 Verba
728 2285 958 2372 1111111111.τοὺ
977 2275 1108 2368 deduco
1128 2287 1183 2352 καὶ
1201 2277 1312 2373 κύκλῳ

235 2373 297 2438 τοῦ
317 2362 447 2454 θρόνου
468 2375 600 2436 obscura
620 2371 771 2437 ridentur
793 2383 825 2434 et
845 2371 987 2433 averiis
1010 2373 1099 2452 varie
1119 2384 1227 2434 contra
1241 2371 1312 2434 lin·
1353 2416 1357 2424 -

236 2477 317 2538 guae
337 2458 425 2536 leges
457 2459 627 2544 exposita3
666 2477 778 2520 sensus
808 2457 863 2519 hic
888 2455 1016 2540 videtur
1045 2457 1218 2518 onirnentia
1248 2458 1312 2518 ista

237 2537 350 2604 medio
368 2539 404 2605 in
420 2539 561 2619 throno,
582 2563 699 2628 nempe
723 2541 799 2605 dum
820 2547 954 2627 corpora
975 2543 1158 2627 posteriora
1180 2553 1214 2604 ut
1235 2543 1312 2605 aui·
1404 2605 1405 2616 ,

236 2629 371 2700 melium
391 2628 447 2690 sub
469 2627 595 2706 throno,
610 2630 715 2714 posite
735 2627 878 2690 Johanni
897 2648 939 2690 ex
956 2623 1107 2689 inferiori
1125 2628 1197 2690 loco
1218 2630 1310 2716 aspi-

236 2711 395 2776 cienti'ad
415 2711 558 2776 medium
578 2731 678 2800 usque
699 2714 853 2776 thronum
872 2713 1038 2798 porrigere
1058 2713 1242 2788 videbatur,
1275 2725 1310 2776 et

235 2797 330 2860 circa
352 2795 532 2872 thronum,
553 2797 629 2862 dum
651 2799 754 2884 capita
774 2799 1174 2883 marginemsuperiorem
1193 2798 1308 2882 throni
1328 2857 1336 2874 „

163 2947 173 2955 ,
235 2883 426 2962 attingentis
443 2883 478 2945 in
494 2897 628 2969 quatuor
650 2885 734 2947 coeli
754 2885 863 2970 plagas
885 2903 978 2946 versa
1000 2895 1108 2962 erunt,
1129 2896 1166 2945 ut
1186 2883 1307 2947 diserte

205 3002 209 3014 1
233 2969 354 3048 legitur
375 2965 766 3040 111Ρ111111Ε11θεθ1ο.4.
789 2993 840 3056 ap.
862 2969 1006 3050 Scbb'ttg.
1028 2991 1060 3056 p.
1080 2976 1173 3039 1106.
1193 2963 1234 3032 cf.
1249 2970 1306 3031 in·
1344 2973 1348 2988 '
1401 2997 1403 3012 ⁴

233 3049 456 3130 fra6,1-7.
510 3052 627 3128 Extra
655 3065 687 3117 et
715 3063 826 3132 retro,
857 3049 976 3118 afocie
998 3066 1030 3116 et
1054 3054 1169 3130 dorso,
1200 3053 1306 3116 oculis

232 3141 350 3224 plenos
371 3159 442 3200 esse
463 3135 649 3216 Cheruhos,
679 3141 795 3201 sumsit
816 3161 858 3202 ex
885 3137 1209 3220 ΕΖ.1,18.10,,2’2;
1241 3145 1305 3202 ex*
1402 3175 1403 3192 ÷

232 3225 345 3368 primit
373 3225 435 3286 hoc
464 3224 666 3308 prudentiam
688 3235 810 3288 acutum
830 3237 862 3288 et
889 3217 1032 3288 omnium
1059 3247 1167 3288 rerum
1186 3225 1305 3310 provi-

187 3375 190 3388 ,
254 3331 305 3384 am
327 3309 562 3390 cognitionem,
588 3321 623 3372 ut
642 3311 761 3374 nullibi
779 3315 814 3374 in
834 3309 944 3372 volatu
971 3309 1123 3395 impediri
1144 3321 1176 3373 et
1198 3320 1304 3372 retar-

233 3395 302 3456 dari
329 3398 475 3480 possint,
522 3391 562 3462 cf.
593 3396 632 3458 de
661 3397 774 3475 angelo
802 3399 916 3460 mortis
942 3393 1146 3475 Eisenrneug.
1179 3391 1253 3456 Jud.
1274 3393 1302 3460 Ι.

229 3503 263 3566 p.
283 3487 356 3549 872.
384 3511 426 3526 -
463 3479 507 3540 V.
527 3489 559 3550 7.
604 3479 790 3543 Similitudo
821 3483 975 3551 omniurn,
994 3483 1203 3542 animantium
1235 3475 1302 3572 jam

230 3575 402 3652 propterea
417 3587 498 3630 inon
518 3578 647 3660 poteret
670 3588 741 3628 esse
762 3563 922 3654 perfecta,
955 3567 1041 3653 quod
1061 3567 1122 3628 alis
1143 3569 1303 3628 instructa

301 3770 387 3815 itaut
405 3765 564 3828 conjunctio
583 3761 754 3814 diversorum
773 3769 953 3817 animantium
970 3761 1064 3816 forsan
1083 3767 1220 3816 seriorum
1238 3775 1302 3816 tau·
1400 3777 1401 3792 ¹

207 3855 208 3864 ¹
265 3849 270 3861 ⁸
301 3841 359 3885 ttrm
379 3846 522 3900 poetarum
539 3837 632 3884 omnia
651 3837 809 3888 ornantium
827 3841 940 3904 ingenio
963 3835 1102 3888 debeatur.
1139 3835 1302 3908 Dolendurn

301 3905 377 3972 qnod
395 3918 473 3956 retus
483 3904 623 3956 llebraeus
640 3907 735 3958 nullus
753 3919 815 3959 ante
828 3907 1003 3960 Ezechielem
1014 3907 1131 3960 sormam
1143 3906 1303 3974 descripsit·

299 3979 372 4031 Aliis
404 3977 474 4028 locis
501 3987 624 4030 ceterum
652 3979 712 4043 ipse
739 3979 872 4048 Ezechiel
897 3978 1041 4032 Cherubos
1065 3993 1127 4032 este
1154 3975 1224 4030 dicit
1248 3993 1302 4032 sua
1399 3989 1400 3994 ’

283 4051 398 4138 ‘nite
420 4083 524 4154 roeo
567 4098 575 4105 ·
621 4065 624 4076 “

515 4267 524 4296 Ι
