2802 4684
216 315 315 397 '228
378 313 421 384 11.
446 309 624 383 Visiones.
648 309 710 384 III.
737 323 770 394 2.
796 303 838 382 Α.
857 337 887 382 a.
908 326 941 394 2.
954 311 1044 409 Cap.
1067 323 1127 404 13,
1149 318 1184 393 5.
1200 311 1237 392 6.

145 539 148 548 ,
178 533 181 543 ι
238 497 274 560 in
296 519 359 584 quo
381 495 421 560 de
435 487 503 560 ‘deo
525 501 604 561 ver'o
624 495 753 583 saepius
779 497 875 562 obvia
895 507 945 561 est
973 495 1042 562 les.
1057 498 1111 575 4ο,
1131 497 1186 570 25.
1208 504 1265 576 46,
1286 505 1339 602 53¹

233 583 292 646 l‘e.
310 591 368 658 35,
388 595 440 653 10.
462 591 544 661 113,
567 581 621 670 5),
643 605 739 646 nemo
759 584 845 648 bello
876 587 1011 672 parsit.
1042 586 1207 670 πολεμεῖν
1228 609 1328 670 μετα

238 683 486 774 utuoginApoc.
506 689 553 765 (2,
564 696 614 762 16.
632 697 682 766 17,
693 681 751 760 11.Ι
762 691 875 766 19,11)
896 707 939 748 ex
950 685 1041 752 hebr.
1059 675 1138 773 (0³3)
1148 695 1204 770 nrt
1215 669 1330 778 00³2),

240 773 356 836 dicitur
384 795 445 860 pro
474 768 561 858 πρός
591 793 688 854 τινα,
719 795 797 840 τινι.
817 809 860 822 »-
893 772 939 834 V.
965 780 997 843 5.
1018 781 1051 845 6.
1092 777 1242 840 Fortuna
1275 782 1328 839 ita

240 861 343 922 elatus
363 877 397 922 se
415 857 512 922 deum
532 857 629 923 habet
649 863 807 946 verbaque
829 861 1027 922 contumacia
1048 871 1084 922 et
1106 865 1262 926 convicia
1285 865 1330 926 in

203 981 214 1000 .
240 945 351 1020 deum,
374 943 539 1008 Christum
562 947 699 1034 piosque
722 945 869 1022 effundit,
892 941 934 1006 cf.
949 945 989 1007 ad
1010 965 1043 1006 v.
1057 957 1087 1016 1.
1129 945 1227 1032 Quae
1242 945 1329 1010 An-

238 1033 381 1092 tichristi
411 1033 518 1110 imago
548 1032 640 1094 ducta
669 1033 767 1094 simul
794 1041 843 1110 est
871 1051 914 1092 ex
943 1028 1102 1094 Antiochi
1130 1031 1331 1122 Epiphanis

161 1145 165 1166 ι
238 1112 398 1178 Jebovani
420 1119 657 1180 contemnentis
679 1118 899 1201 conviciisque
920 1110 1026 1192 deum,
1042 1119 1218 1204 templum,
1241 1141 1330 1182 san-

242 1215 310 1264 ctos
331 1201 501 1268 lacerantis
523 1205 675 1290 exemplo
697 1221 716 1264 a
736 1201 819 1264 Dan.
839 1211 879 1276 7,
899 1213 931 1270 8·
947 1213 990 1272 20
1008 1201 1184 1266 delineata.
1203 1201 1329 1268 Adeo

238 1300 346 1350 tamen
369 1309 494 1350 summu
514 1310 586 1352 cum
609 1291 686 1350 haec
710 1307 837 1374 quoque
864 1287 1038 1350 insolentia
1068 1287 1237 1375 loquentis
1268 1287 1331 1354 fe-

238 1375 326 1436 rocia
343 1376 417 1458 pios
434 1385 561 1436 tentans
584 1377 785 1460 probansque
811 1371 966 1458 pendeat,
1008 1395 1045 1435 os
1066 1375 1332 1478 grandiloquum

152 1493 178 1506 w
238 1471 272 1522 et
292 1461 437 1522 insolens
456 1457 581 1522 datum
605 1461 637 1528 ei
664 1457 792 1521 dicitur.
834 1458 961 1526 λαλοῦν
989 1461 1124 1545 μεγαλα
1154 1479 1217 1548 pro
1250 1483 1328 1550 quo

238 1542 352 1608 Graeci
372 1543 521 1608 melioris
542 1555 640 1610 notae
659 1541 894 1630 μεγαλαυχοῦν
914 1541 1016 1619 (Plat.
1037 1541 1111 1607 An.
1133 1552 1236 1625 1..2.)
1265 1549 1329 1610 di-

238 1651 322 1714 cturi
336 1643 486 1728 fuissent,
507 1650 605 1714 fluxit
618 1671 660 1714 ex
683 1655 804 1739 1273}
830 1629 925 1738 ‘tw
951 1645 1035 1712 Dan.
1046 1657 1078 1728 7,
1088 1662 1183 1739 ’8.20·
1197 1663 1252 1728 11>
1264 1662 1327 1726 36.

240 1735 342 1835 nihii,
366 1761 436 1840 wast
462 1738 515 1800 PS·
538 1747 595 1814 12,
617 1741 649 1808 4·
692 1737 755 1800 Nec
777 1749 884 1798 tamen
908 1737 975 1797 nisi
992 1755 1054 1822 per
1076 1745 1212 1800 'menses
1236 1763 1327 1826 qua.

240 1839 389 1926 draginta
409 1823 472 1906 dbo
495 1835 638 1904 fastuosa
659 1842 725 1928 ipsi
746 1839 837 1928 loqui
852 1851 885 1902 et
905 1831 1008 1902 lacere
1023 1842 1232 1919 conceditur}
1254 1864 1325 1930 qua

165 1995 172 2003 ,
238 1935 394 2016 temporis
417 1941 495 1996 nota
516 1929 656 2014 spatium
676 1926 762 1990 haud
786 1925 880 1988 valde
901 1921 1037 2007 longum
1054 1928 1237 2008 significari
1258 1951 1325 1992 su-

237 2038 295 2093 pra
314 2039 354 2102 p.
368 2027 409 2086 51
432 2027 464 2078 et
481 2035 514 2100 p.
531 2019 602 2085 196.
614 2023 690 2085 221.
711 2015 791 2076 satis
814 2023 865 2074 est
876 2011 1144 2078 demonstratum.
1178 2013 1324 2102 Hocque

236 2104 347 2187 ipsum
381 2114 509 2186 tempus
541 2100 757 2162 calamitatum
778 2119 869 2184 ,quae
902 2097 1092 2160 christianis
1128 2099 1324 2164 tolerandae

202 2235 204 2242 .
238 2198 312 2249 sunt
333 2207 531 2251 summarum
553 2187 632 2246 satis
653 2188 751 2250 breve
772 2205 869 2268 supra
895 2194 944 2260 11,
960 2192 1028 2254 3.7
1048 2179 1115 2280 jam
1136 2207 1209 2248 cum
1227 2192 1321 2272 ipso,

238 2271 323 2358 quod
350 2273 405 2336 hic
433 2273 564 2334 demum
587 2270 668 2333 satis
696 2289 731 2334 se
759 2271 889 2356 praebet
907 2271 1135 2355 conspicuum,
1161 2285 1320 2335 monstro
1385 2295 1386 2321 ¹

237 2358 364 2422 marino
386 2355 500 2422 eodem
528 2355 626 2418 modo
655 2355 826 2419 definitum
847 2353 1005 2430 vidimus,
1038 2367 1075 2416 ut
1103 2357 1320 2442 quotiescun-

206 2477 209 2494 ·
237 2465 298 2529 que
323 2447 360 2508 in
391 2443 456 2506 hoe
480 2444 563 2504 libro
596 2459 755 2508 annorum
790 2441 929 2502 duorum
959 2439 1151 2527 dimidiique
1185 2446 1318 2507 mentio

127 2595 131 2604 ,
235 2533 307 2602 fiat,
337 2549 464 2614 semper
492 2541 617 2612 tompus
644 2527 707 2590 hor
734 2526 951 2590 calamitatum
977 2527 1218 2614 impiorumque
1246 2527 1320 2592 im-

236 2617 323 2702 perii
337 2618 426 2678 saevi
448 2617 543 2677 breve
566 2611 815 2693 intelligendum
835 2629 907 2674 esse
928 2622 1035 2698 pateat
1054 2607 1113 2689 (cf.
1136 2624 1186 2690 12,
1200 2620 1319 2694 6:143
1384 2649 1385 2674 ;

236 2699 347 2764 eadem
368 2719 443 2787 spes
468 2699 509 2762 de
528 2689 690 2762 Antiochi
709 2693 891 2784 Epiphania
917 2699 1057 2760 terminu
1082 2699 1227 2783 primum
1257 2702 1319 2765 in-

235 2782 317 2884 jecta
338 2802 404 2850 erat
423 2784 506 2848 Dan.
530 2795 581 2857 12,
601 2773 662 2865 7.).
705 2779 804 2865 Quod
821 2786 929 2868 ipsum
952 2785 991 2844 ab
1011 2803 1077 2844 uno
1099 2785 1178 2846 haec
1199 2789 1319 2851 omnia

236 2885 362 2935 auctore
383 2893 449 2935 uuo
468 2883 579 2933 tenore
599 2871 723 2956 scripta
740 2889 810 2934 esse
832 2871 910 2932 satis
931 2878 1099 2932 monstrat.
1149 2869 1185 2930 Si
1205 2861 1318 2938 πόλε-

107 3023 109 3027 ,
236 2983 306 3043 ,nov
333 2958 418 3044 quod
445 2953 571 3019 Griesb.
602 2958 682 3018 bene
711 2967 784 3020 ante
814 2955 953 3040 ποιῆσαι
979 2953 1108 3031 omisit,
1135 2950 1316 3021 delendum
1383 3007 1384 3014 ,

97 3089 100 3094 .
138 3107 141 3112 ,
237 3064 402 3110 censemus
429 3044 518 3119 (nam
539 3039 659 3104 dehac
685 3062 720 3104 re
752 3040 1115 3109 v.·7.de1nurnser1no
1139 3045 1219 3119 est),
1242 3065 1316 3107 non

162 3201 165 3211 ¹
238 3121 319 3194 otiari
340 3127 556 3214 supplendum
579 3138 648 3188 est:
674 3123 799 3187 clatum
820 3119 891 3212 ipsi
911 3133 963 3186 est
983 3119 1045 3186 boe
1058 3117 1203 3209 jacere,
1229 3150 1315 3214 quae

237 3213 365 3298 ellipsis
386 3218 422 3276 in
443 3213 501 3274 tali
519 3212 649 3298 quidem
669 3231 757 3273 nexu
777 3221 898 3273 temere
919 3210 1072 3284 sumitur,
1095 3209 1152 3272 sed
1169 3215 1315 3281 nutriunt

235 3297 274 3359 de
296 3307 446 3383 tempore
465 3293 617 3382 agendo,
639 3293 875 3372 consumendo,
896 3289 1036 3356 terendo
1057 3254 1315 3377 intelligendum
1382 3347 1383 3354 ,

171 3417 176 3444 ·
235 3393 275 3461 cf.
297 3398 409 3470 ocor.
434 3410 483 3477 11,
502 3405 555 3470 25.
583 3395 657 3464 Act.
679 3369 730 3476 is,
753 3410 807 3472 23·
836 3399 901 3491 Jac,
920 3403 950 3474 4,
973 3405 1023 3466 13.
1053 3390 1134 3486 ΠΨξ
1159 3400 1255 3464 Koh·
1278 3409 1312 3481 6,
1382 3363 1383 3421 i

235 3495 285 3556 12.
307 3483 462 3579 Convicia
483 3486 583 3631 lippia
604 3507 684 3574 quae
712 3490 749 3548 in
769 3485 864 3588 deum
884 3484 1056 3581 qaoulatur,
1089 3506 1157 3549 non
1185 3509 1312 3552 nomen

233 3582 357 3634 tantum
378 3592 447 3666 equs
469 3569 499 3631 la
542 3582 600 3632 unt
634 3570 725 3648 (dum
744 3591 862 3656 nempe
882 3591 916 3631 se
946 3587 1054 3653 ipsum
1082 3567 1177 3635 deum
1200 3570 1311 3660 vocat)

131 3683 136 3688 ·
232 3655 288 3718 sed
313 3656 421 3718 sedem
445 3677 571 3742 quoque
590 3653 735 3726 divinam
759 3657 930 3741 beatosque
950 3653 1034 3739 apud
1055 3651 1150 3720 deum
1172 3681 1311 3724 moran·

233 3771 292 3820 tes.
318 3757 423 3835 ¹Sedes
441 3757 554 3822 divina
573 3781 600 3822 s.
616 3757 742 3822 eoelum
759 3759 872 3820 dicitur
888 3748 992 3842 σκηνή
1013 3749 1090 3843 Πξέ
1106 3758 1309 3847 tugurium,
1381 3765 1382 3787 ¹

184 3919 186 3928 .
233 3846 269 3906 in
290 3867 352 3930 quo
375 3845 453 3906 deus
473 3844 571 3906 lateat
591 3845 737 3931 quodque
758 3845 903 3906 umbram
927 3843 1024 3904 simul
1053 3841 1093 3923 et'
1105 3847 1309 3933 praesidium

231 3932 333 3990 beatis
354 3932 519 4014 praebeat,
542 3931 660 3994 circum
681 3929 764 3994 illud
795 3931 830 3992 in
852 3929 989 4010 tuguriis
1009 3933 1102 4016 quasi
1122 3935 1307 3997 minorihus
1380 3971 1381 4004 t

230 4015 448 4094 habitantibus
479 4013 556 4076 Luc.
588 4023 637 4096 16,
664 4026 696 4089 9.
733 4011 774 4078 cf.
800 4036 893 4100 supra
921 4012 960 4074 ad
989 4027 1121 4090 12,12.
1164 4017 1304 4082 Locutio

157 4141 162 4149 ·
227 4119 341 4203 procul
361 4117 457 4180 dubio
475 4119 609 4183 eblosis
629 4121 757 4200 tugurio
773 4115 887 4182 divino
908 4094 1051 4205 (SUNQ)
1066 4121 1168 4214 dueta,
1190 4155 1235 4170 —-
1258 4123 1305 4220 V,
1380 4131 1381 4153 *
