2774 4688
257 219 340 364 Ι318
413 279 456 348 11.
480 275 658 348 Visiones.
685 275 744 346 111.
757 249 796 354 Ι3.
822 247 910 370 Cau.
932 289 994 367 21,
1019 287 1177 362 25—27·

156 497 160 516 r
264 445 347 534 mut.
377 461 485 546 ·Ergo
517 462 592 526 urbs
622 461 700 524 haec
726 481 767 529 ex
796 445 881 522 ratis
904 471 1013 524 mente
1040 475 1132 548 caput
1151 469 1308 531 esrmuntt

264 553 363 626 novi,
391 563 482 613 extra
502 569 596 646 quam
616 559 727 629 gentes
747 549 866 608 multae
888 547 1051 622 habitant,
1083 551 1120 611 ad
1139 553 1253 612 cultum
1271 555 1309 614 di-

126 679 127 686 .
170 662 173 672 ¹
246 640 380 702 'vinum
400 637 436 700 in
457 657 493 698 ea
514 657 580 734 ,arn
601 653 775 695 conuersae
798 637 968 720 urbemque
993 636 1075 697 hanc
1098 648 1134 696 ut
1153 637 1203 698 dei
1223 651 1252 698 et
1270 635 1309 734 ju·

265 725 374 808 stitiae
402 721 510 784 sedem
538 721 654 783 summi
676 715 847 790 facientesr
880 731 916 782 ut
937 721 1071 781 omnino
1092 733 1199 784 vatem
1218 725 1310 786 Palae·

265 811 369 874 stinae
399 804 500 888 bitum
534 812 569 872 in
603 805 758 868 mundum
788 827 910 866 nouum
936 800 1109 868 transferre
1138 807 1253 872 videas.
1280 806 1309 875 11

205 949 208 959 .
266 901 356 978 ἔθνη
388 916 430 956 ex
458 895 531 978 ipso
570 903 716 954 veterum
755 891 986 976 prophetarum
1025 911 1085 955 usu
1116 905 1225 970 gentes
1254 909 1310 958 runt

265 981 384 1044 multae
418 991 511 1040 extra
539 977 800 1055 Hierosolymam
831 975 886 1038 rel
908 975 1118 1038 Palaestinam
1140 977 1308 1060 habitantes,

266 1087 342 1156 quas
370 1057 449 1160 jam‘
467 1063 561 1126 deum
592 1060 739 1150 venerari
765 1083 824 1146 per
856 1081 891 1124 se
910 1073 1029 1148 patet,'
1049 1073 1085 1122 ut
1105 1063 1172 1128 τῶν
1192 1069 1308 1149 σωζομέ-

265 1176 333 1217 νων
361 1151 444 1210 male
471 1171 488 1210 a
516 1143 845 1240 librariis‘adjcctum
873 1149 926 1208 sit.
980 1147 1049 1208 Hae
1071 1145 1307 1235 περιπατήσουω

266 1229 320 1320 ded
349 1235 408 1300 ‘cod
444 1229 550 1316 φωτὸς
577 1229 679 1317 αὐτῆς
710 1246 823 1294 vrrerrt
856 1233 978 1296 lumine
1011 1233 1217 1322 doctrinaque
1240 1240 1306 1298 urbis

266 1321 484 1398 collustratae,
520 1321 684 1381 locutione
704 1339 754 1381 cx
776 1318 839 1380 Jes.
860 1329 890 1395 2,
914 1328 944 1388 5.
967 1317 1128 1396 desorata,
1161 1324 1306 1409 uerbisque

265 1405 429 1494 prioribus
459 1425 493 1467 v.
513 1415 566 1484 23.
594 1406 675 1466 berre
703 1425 838 1467 annexa.
888 1401 1070 1490 Regesqzre
1093 1405 1154 1488 τῆς
1192 1407 1229 1491 ἦς
1254 1410 1272 1468 i.
1288 1431 1305 1470 a.

263 1491 353 1554 'idem
374 1485 441 1564 fere
464 1491 549 1578 quod
569 1491 636 1555 ’τῶν
658 1495 771 1570 ibrum
785 1485 908 1574 ferent
931 1487 1087 1572 gloriam
1108 1499 1143 1552 et
1164 1431 1304 1568 deberem,

267 1597 345 1664 opes
373 1579 557 1656 magnificas
584 1575 721 1638 honoris
744 1579 795 1638 sui
819 1573 1010 1636 testificandi
1031 1595 1124 1634 causa
1145 1573 1183 1636 iu
1204 1573 1304 1652 urbem,

264 1663 430 1726 locutione
453 1673 555 1724 sumta
575 1682 616 1724 ex
637 1657 703 1724 tes}
725 1667 777 1736 49,
799 1669 851 1728 23.
872 1665 923 1735 60,
947 1672 997 1730 10.
1020 1656 1116 1744 (quae
1137 1658 1301 1740 Hierosoly·

263 1770 335 1811 mae
355 1749 481 1826 regibus
502 1749 644 1834 privatae
666 1745 902 1889 destructaelnue
923 1757 1068 1830 tempore
1091 1747 1210 1832 scripta
1229 1755 1299 1830 sunt).

265 1827 413 1898 Ceterum
444 1829 553 1900 adreio
582 1831 621 1893 ad
654 1837 767 1897 torm
801 1833 835 1892 re'
852 1829 1004 1891 erendum
1034 1851 1122 1908 esse,
1160 1853 1193 1894 r.
1218 1840 1264 1904 26.
1285 1846 1303 1894 et

264 1921 342 2018 027⁸}
368 1903 436 2012 Sit]
456 1937 585 2012 Jes.60,
604 1948 653 2006 11.
673 1947 870 2012 monstrant,
892 1948 928 1996 ut
951 1956 1064 1998 sensus
1083 1935 1140 1996 hic
1161 1937 1219 1998 sit:
1238 1959 1301 2018 reges
1332 1935 1333 1942 '

264 2047 282 2088 a
303 2027 451 2108 gentibus
473 2023 635 2104 delegatos
655 2045 725 2084 cum
752 2022 866 2108 opibus
895 2021 1010 2082 harum
1037 2021 1151 2084 urbem
1173 2023 1260 2084 adire.
1275 2057 1301 2068 -

265 2112 312 2173 V.
331 2121 382 2182 25.
401 2119 454 2180 26.
510 2109 596 2171 Haec
625 2111 766 2170 scribens
795 2119 883 2168 vates
913 2129 955 2168 ex
977 2109 1042 2170 Jes.
1058 2113 1110 2183 60,
1134 2120 1185 2178 11.
1213 2121 1300 2192 portas,
1332 2133 1333 2138 ¹

264 2199 377 2286 quibus
414 2195 568 2257 continuo
605 2215 696 2272 reges
731 2215 872 2278 opesque
909 2191 971 2254 hae
1001 2193 1141 2266 intrent,
1172 2217 1299 2278 nunquan

263 2301 368 2365 claudi
396 2298 560 2362 additurus
592 2307 678 2358 eret:
715 2296 770 2358 sed
802 2296 874 2358 loco
908 2299 968 2360 illo
1004 2271 1116 2383 1'1‘2152
1148 2283 1204 2352 nt't
1236 2301 1299 2381 1111]

264 2393 419 2474 seriptum
443 2385 607 2470 reperiens
629 2383 707 2444 haec
730 2376 898 2445 confestim
920 2385 964 2444 ita
985 2386 1138 2448 immutat
1161 2399 1197 2448 ut
1221 2386 1296 2448 inter-

263 2467 327 2535 diu
357 2485 479 2534 tautum
507 2481 615 2554 portas
646 2489 715 2530 non
746 2467 850 2528 claudi
881 2468 983 2543 dicat3
1017 2491 1092 2532 nam
1125 2485 1242 2534 noctem
1262 2469 1291 2528 111

263 2553 386 2620 nullam
418 2551 495 2636 fore⁴
519 2577 560 2617 ex
581 2571 614 2614 v.
634 2563 683 2621 11.
705 2560 758 2621 23.
785 2546 850 2642 jam
877 2555 1019 2630 elucere3
1053 2577 1118 2640 quo
1150 2549 1221 2644 ipso
1243 2555 1290 2615 satis

264 2644 362 2718 miro,
384 2663 464 2728 quae
485 2641 539 2703 hic
560 2637 665 2700 videri
686 2638 807 2722 possit,
826 2641 948 2701 locutio
970 2639 1163 2724 explicatur.
1203 2643 1295 2703 l'urtas-

265 2749 325 2814 que
354 2730 417 2788 hoc
448 2729 521 2811 ipso
547 2727 612 2787 fine
640 2744 708 2784 non
734 2723 855 2800 claudi,
886 2737 921 2786 ut
943 2746 1033 2806 reges
1057 2729 1205 2806 gentium
1222 2727 1297 2810 copias

263 2813 415 2875 continuo
437 2811 639 2877 introducere
659 2819 793 2892 queant,
814 2829 846 2871 v.
860 2816 913 2880 26.
934 2813 1083 2896 repetitis
1100 2813 1209 2874 verbis
1226 2817 1298 2878 1124.
1332 2809 1333 2816 '

263 2900 471 2977 significatur.
499 2928 542 2942 --
585 2894 630 2956 V.
651 2902 704 2964 27.
738 2893 801 2956 Nec
838 2906 945 2960 tamen
976 2899 1044 2960 nisi
1077 2901 1172 2980 puris
1203 2907 1230 2958 et
1254 2896 1299 2978 piis

262 2987 374 3046 urbem
401 2993 541 3046 sanctam
567 2975 694 3060 ingredi
714 2977 791 3040 licet
813 2975 854 3041 cf.
871 2992 922 3056 22,
943 2991 974 3051 3.
999 2989 1050 3055 14.
1074 2991 1135 3056 15;
1168 2984 1225 3044 hoc
1242 3001 1301 3066 quu-

263 3090 324 3155 que
345 3071 400 3130 hic
421 3069 617 3131 delineatum
635 3073 685 3126 est
705 3083 748 3124 ex
776 3061 842 3131 JeS·
861 3073 914 3141 35,
935 3077 967 3136 8.
990 3076 1042 3144 52,
1065 3078 1095 3135 1·
1119 3073 1170 3144 60,
1192 3078 1236 3138 18.
1259 3063 1300 3126 Er.

262 3176 315 3248 14,
334 3182 365 3246 9.
386 3169 523 3238 κοινοῦν
542 3179 594 3230 est
614 3169 714 3254 Νηῖξξ
739 3165 779 3230 de
801 3169 922 3235 ποιοῦν
942 3167 1116 3254 βδέλυγμα
1136 3174 1190 3238 rtet
1208 3169 1301 3258 brutior

262 3255 393 3320 crimen
414 3255 588 3318 dictumve
608 3249 676 3315 eibi
695 3249 903 3339 permittens
924 3249 1156 3331 abominabile
1176 3253 1213 3318 cf.
1229 3273 1302 3340 supra

263 3360 298 3402 v·
318 3351 350 3412 e.
378 3342 472 3427 narr.
503 3361 564 3420 της
589 3341 615 3416 t·
642 3333 684 3400 cf·
705 3349 758 3414 20,
783 3344 917 3407 12-15.
946 3339 1301 3418 etalibi·-22.1.r.

263 3420 317 3486 Ad
339 3427 501 3488 cumulum
528 3421 679 3485 accedunt
709 3423 867 3508 imagines
888 3425 1048 3502 beatitatis
1066 3446 1206 3490 summae
1224 3447 1240 3486 e
1256 3444 1303 3510 pa·

259 3509 371 3573 radiso
393 3508 540 3572 terrestri
566 3505 648 3584 Gen.
668 3519 700 3579 2.
727 3508 899 3572 desumtee.
953 3503 1076 3572 Arbori
1094 3509 1188 3574 vitoe
1205 3510 1302 3573 musai-

262 3615 316 3656 cae
343 3591 483 3681 fontem
513 3613 569 3656 seu
597 3594 735 3658 flurium
763 3591 858 3655 vitae
882 3594 1007 3678 primus
1029 3589 1178 3691 adjunxit
1195 3595 1245 3658 ΕΖ.
1264 3602 1301 3666 47,

262 3691 382 3756 1-12,
410 3681 573 3765 secutique
603 3691 679 3741 sunt
698 3678 794 3741 multi
817 3679 965 3741 seriores.
1007 3678 1069 3742 Hic
1090 3681 1160 3764 ipse
1183 3693 1227 3744 est
1243 3674 1300 3740 sors

261 3763 511 3849 limpidissimus
531 3756 587 3850 (ὥς
600 3755 803 3846 κρύσταλλον
824 3759 908 3840 efai,
926 3761 972 3849 6.)
997 3787 1065 3826 non
1085 3770 1230 3850 perennis
1244 3775 1300 3824 tau-

260 3857 348 3923 tum,
381 3862 417 3910 ut
438 3851 525 3914 urbis
547 3849 667 3911 incolis
688 3867 851 3934 nunquam
877 3861 975 3934 potus
1003 3850 1088 3920 desit
1108 3851 1298 3935 suavissimus,

262 3934 319 4011 sed
339 3935 476 3997 sulutem
498 3953 624 4021 quoque
645 3937 804 4020 (corporis
823 3935 1005 4021 animique,
1024 3947 1060 3996 ut
1079 3935 1201 3998 credere
1222 3957 1237 3996 e
1255 3953 1299 3994 ra·

261 4017 436 4091 tismente
457 4019 548 4102 lieet)
571 4019 751 4088 bibentibus
770 4019 891 4099 largam
912 4013 1067 4100 fundens,
1095 4017 1134 4085 de
1157 4043 1215 4108 quo
1237 4041 1263 4084 r·
1276 4025 1298 4092 7,
1332 4079 1333 4094 ,
