2840 4690
167 272 172 282 Ι
247 291 323 390 128
491 299 518 370 Ι.
550 235 794 367 Prooemium.
845 279 934 388 Cap.
953 302 990 383 3,
1012 302 1046 377 7.
1072 304 1106 376 8.
1202 243 1253 312 'i

247 487 304 552 ubi
331 485 398 556 reio
421 473 569 572 ἀγγέλων
597 479 734 562 legitur,
772 479 910 542 conflata
935 478 1075 542 videtur.
1126 473 1169 540 Et
1189 475 1273 542 hinc
1294 477 1332 542 in
1392 465 1393 512 ³

245 573 344 638 initio
368 571 466 636 etiam
486 591 520 634 v.
531 581 562 642 1.
583 567 720 632 Messias
738 585 773 628 se
790 561 849 627 det
862 560 1098 651 potestatibus
1118 564 1169 626 uti
1187 562 1331 628 dixerat.

209 737 213 760 ¹
330 749 361 813 6.
382 753 414 820 3,
437 747 554 811 7-13.
583 737 623 802 In
646 735 778 801 ecclesia
793 730 1189 820 ·Pltilndelphiae‚‘quae
1211 736 1329 797 urbsa

245 827 412 893 conditore
432 821 545 888 Attalo
566 823 784 908 Philadelpho
805 820 952 900 Pergami
976 839 1050 899 rege
1080 840 1201 883 nomen
1225 833 1328 898 ‚nacta
1393 813 1394 864 i

138 931 140 939 '
245 928 310 992 est,
338 912 518 978 Christiani
544 932 648 998 neque
670 931 695 970 a·
710 906 885 990 gentilibus
912 904 1013 966 multa
1033 909 1181 989 perpessi
1201 905 1328 968 viden-

155 1065 157 1072 .
228 1006 315 1076 rur,
360 1019 465 1086 neque
494 997 537 1060 in·
558 999 716 1060 virtutum
742 991 849 1056 studio
882 983 1065 1069 defatigati:
1103 991 1159 1054 s'ed
1191 1003 1324 1057 coetum

243 1077 455 1149 christianum
485 1083 547 1144 vix
577 1092 762 1148 nascentem
789 1088 822 1140 et
846 1088 1039 1162 crescentem
1070 1078 1118 1156 (v.
1132 1089 1164 1148 8.
1192 1073 1325 1164 μικράν

225 1175 329 1264 ,ἔχεις
354 1162 516 1254 δύναμιν)
544 1165 738 1230 iudaeorum
768 1157 825 1246 (cf.
842 1172 873 1236 2,
889 1157 936 1246 9.)
965 1163 1113 1246 superbia
1134 1174 1168 1225 et
1190 1164 1323 1227 invidia

242 1253 435 1331 infestabat3
457 1272 552 1340 quam
571 1275 643 1316 cum
663 1248 846 1314 Christiani
868 1242 1000 1308 fortiter
1023 1249 1197 1326 tolerantes
1218 1270 1236 1310 a
1256 1250 1322 1312 fide
1394 1269 1395 1296 ³

243 1363 301 1405 sua
321 1339 438 1404 tuenda
460 1339 561 1402 nullis
581 1339 739 1401 conviciis
766 1346 799 1397 et
821 1334 1053 1408 vexationibus,
1072 1333 1321 1411 deterrerentur,

240 1427 406 1491 Johannes
426 1421 496 1488 tam¹
513 1446 582 1486 acre
602 1423 745 1486 studium
766 1417 950 1482 'collaudans
974 1429 1006 1480 et
1029 1415 1067 1480 ad
1089 1420 1204 1482 altiora
1226 1424 1321 1486 exci-

224 1523 313 1582 rans
344 1535 359 1574 s
384 1533 435 1574 em
463 1511 626 1595 imprimis
656 1503 735 1570 facit
762 1501 834 1568 sore
859 1515 901 1574 ⁴ut
923 1526 1002 1566 mox
1024 1501 1202 1568 Christiani
1223 1510 1320 1570 rebus

196 1625 211 1658 κ
241 1601 308 1663 suis
338 1535 478 1661 adauctis
506 1617 539 1657 se
572 1595 714 1657 iudaeis·
738 1590 920 1678 superiores
951 1589 1169 1676 conspiciant,
1217 1605 1319 1679 utque

240 1685 355 1748 Judaei
385 1685 457 1768 ipsa
472 1678 475 1690 '
489 1681 550 1742 hac
579 1678 735 1767 speranda
756 1677 1015 1741 Christianorum
1035 1697 1120 1738 nunc
1142 1679 1182 1738 ob
1202 1691 1318 1742 tenues
1395 1715 1396 1754 2

195 1795 197 1802 ’
238 1793 290 1834 res
312 1769 366 1832 des
391 1779 533 1832 ectorum
554 1767 769 1853 prosperitate
793 1763 876 1825 moti
898 1762 980 1822 vitia
1001 1781 1056 1822 sua
1078 1783 1201 1825 summa
1218 1785 1317 1828 reve·
1395 1767 1396 1808 ³

152 1911 155 1916 ,
238 1859 343 1920 rentia
359 1791 553 1918 Christianis
576 1849 758 1915 exhibenda
779 1845 948 1912 emendare
970 1844 1126 1910 studeant.
1159 1841 1205 1915 ‘O
1217 1845 1316 1935 ἅγιος

237 1945 360 2041 (Mitt)
386 1957 468 2022 Hos.
483 1969 534 2032 11,
555 1965 586 2030 9.
611 1953 692 2018 Hab.
711 1965 742 2031 3,
763 1963 795 2024 3.
817 1953 924 2040 poetis
948 1951 1034 2014 haud
1059 1973 1130 2015 raro
1152 1968 1200 2016 est
1221 1953 1314 2042 deus)

235 2026 394 2119 sancitis,
422 2044 478 2132 qui
500 2043 541 2126 ob
564 2043 668 2128 ipsam
689 2061 779 2103 suam
800 2038 1001 2100 sanctitatem
1021 2031 1175 2136 injuriam
1196 2035 1314 2104 Chris-

234 2129 334 2191 tianis
363 2149 382 2192 a
409 2127 555 2216 superbis
583 2127 713 2190 iudaeis
739 2125 865 2188 illatam
892 2124 1071 2202 ulciscitur,
1105 2117 1313 2210 tttnawo'r
1396 2145 1397 2172 ³

154 2271 158 2282 ,
234 2211 326 2289 eit,
346 2220 377 2282 5.
398 2214 568 2303 promissis
590 2215 657 2275 suis
679 2211 718 2274 de
740 2213 829 2272 beata
858 2209 989 2296 piorum
1012 2221 1099 2272 sorte
1120 2222 1224 2290 stans,
1260 2215 1312 2278 uti

61 2327 64 2336 ¹
172 2360 175 2369 ,
234 2297 351 2362 deinde
372 2321 404 2361 v.
421 2311 473 2370 12.
494 2299 622 2361 uberius
645 2297 847 2360 describetur.
892 2291 991 2378 Quod
1005 2293 1138 2357 Messias
1155 2297 1210 2359 hic
1228 2295 1311 2360 Da-

126 2389 129 2403 '
232 2382 326 2448 vidis
350 2381 481 2448 clavem
502 2393 625 2465 gestare
646 2381 780 2460 dicitnr,
801 2382 952 2442 haustam
971 2380 1101 2468 quidem
1116 2393 1164 2444 est
1178 2404 1221 2445 ex
1234 2383 1309 2446 loco
1397 2389 1398 2394 ’

233 2467 298 2532 Jes.
306 2479 358 2544 22,
369 2480 421 2542 22.
443 2467 567 2547 (clavis
575 2466 706 2540 domus,
721 2485 800 2552 qnae
812 2487 879 2528 vox
890 2467 943 2526 hic
955 2469 1127 2543 omittitm,
1138 2463 1308 2551 Davidr's)

233 2575 252 2616 a
273 2553 401 2616 Judaeis
431 2551 550 2618 dudum
577 2555 614 2616 in
634 2551 785 2614 Messiam
804 2552 977 2628 translato,
997 2551 1065 2614 'sed
1088 2573 1177 2614 novo
1199 2563 1309 2618 tamen

232 2639 330 2704 modo
351 2641 407 2702 hic
421 2641 624 2702 enunciatum
638 2640 828 2723 reperimus.
871 2635 913 2700 Ut
926 2640 1014 2700 enim
1025 2637 1158 2715 Messias
1172 2641 1306 2716 omnino

231 2723 393 2804 Davidem
422 2720 521 2790 reseit
552 2722 596 2812 (5,
617 2731 649 2794 5.
670 2734 723 2795 22.
747 2718 829 2806 16.)‚
865 2723 911 2784 ita
935 2731 1161 2806 potestatem¹
1180 2746 1307 2812 quoque

232 2805 336 2904 (cujus
366 2811 496 2891 signum
525 2807 634 2874 clavis
656 2824 704 2872 est
725 2805 765 2871 cf.
786 2807 834 2871 ad·
848 2820 875 2886 1,
899 2813 963 2883 18.)
984 2809 1021 2871 in
1042 2819 1147 2872 totum
1167 2808 1305 2874 Davidis

206 2909 207 2912 ’
231 2917 367 2976 regnum
392 2917 540 2959 exercere
568 2895 721 2975 fingitur,
754 2897 798 2958 ita
826 2905 862 2956 ut
890 2893 1019 2956 iudaeis
1049 2895 1147 2956 etiam
1166 2897 1306 2982 imperet

231 2993 350 3068 eosque
372 2978 573 3042 Christianos
597 2981 743 3042 venerari
763 3001 875 3059 cogere
894 2969 1000 3066 possit
1017 2974 1059 3040 cf.
1081 3001 1114 3042 v.
1127 2989 1198 3056 8-9.
1237 2984 1305 3056 ,56-
1368 3011 1371 3016 ·

230 3069 360 3152 quentia
380 3063 441 3162 qui
462 3063 578 3150 aperit
598 3062 695 3126 nollo
716 3063 897 3126 claudente
918 3061 981 3126 etc.
998 3063 1034 3126 in
1055 3087 1155 3146 genus
1174 3066 1304 3153 quidem

125 3204 127 3208 ,
163 3158 166 3164 ’
224 3159 413 3235 potestates
433 3161 557 3212 tantum
572 3145 752 3234 perfectae
773 3151 947 3230 imaginem
967 3150 1097 3236 plenam
1120 3153 1240 3216 sistunt
1260 3152 1302 3217 cf.
1360 3183 1364 3186 ·

229 3235 295 3296 ies.
310 3247 361 3312 22,
382 3245 454 3314 22.;
475 3236 489 3296 i
512 3255 545 3296 se
564 3241 681 3298 tamen
692 3233 830 3319 scriptor
851 3239 1013 3298 statimvv‘.
1024 3247 1056 3305 8.
1079 3235 1117 3300 ad
1137 3239 1315 3319 singulum·

228 3317 309 3408 quid
329 3315 439 3384 refert.
487 3257 548 3382 het
569 3320 657 3382 enim
678 3319 801 3382 locutio
830 3319 913 3382 inter
943 3323 1109 3406 apostolos
1130 3327 1207 3387 satis
1232 3320 1301 3388 sre-

254 3421 347 3466 uens:
373 3413 516 3490 portam
533 3400 627 3489 fidei
656 3401 797 3490 aperuit
824 3399 907 3467 decas
935 3407 960 3468 i.
979 3428 1008 3470 e.
1030 3406 1183 3472 efficitur
1203 3411 1317 3474 multi·

184 3517 185 3520 ¹
227 3427 342 3552 iudaei
371 3491 425 3552 vel
452 3491 588 3570 gentiles
615 3489 778 3552 introeant
809 3487 845 3552 in
871 3485 969 3554 fidem
999 3493 1206 3558 christianam
1225 3489 1299 3562 Aer.

209 3585 210 3592 .
228 3581 286 3676 142!
300 3586 351 3678 27'·
375 3571 477 3645 1001'·
492 3581 539 3675 161
559 3585 589 3648 9·
601 3572 715 3673 ,2001'0
737 3584 770 3652 2,
791 3585 842 3669 12·
865 3573 934 3638 GOi·
948 3581 978 3655 42
1000 3588 1032 3648 3·
1055 3580 1155 3658 igitur
1177 3580 1299 3650 didatus

227 3663 372 3745 {suntor
391 3666 574 3744 ooodopou
596 3659 865 3747 eoepyprs'emex
890 3662 953 3724 hoc
975 3663 1143 3727 doctorum
1165 3667 1298 3730 christiss

227 3763 366 3810 anorum
384 3767 444 3807 usu
472 3745 597 3807 innuit:
625 3749 755 3808 nemine
775 3745 971 3831 impediente
991 3747 1125 3812 efficiam
1145 3763 1182 3812 ut
1203 3773 1298 3838 quam

173 3903 182 3916 ἱ
225 3833 360 3916 plurimi
381 3831 478 3894 fidem
499 3830 706 3893 christianam
728 3833 909 3920 amplexari
932 3833 971 3895 ad
992 3835 1077 3898 te'se
1098 3850 1296 3917 convertant¹

157 3947 164 3955 ·
226 3928 262 3978 ut
283 3917 409 3980 inimici
429 3919 478 3978 tui
500 3926 531 3977 te
554 3928 762 3993 venerentur,
794 3917 828 3978 id
851 3919 935 4005 qnod
957 3922 1101 4006 sequenti
1123 3943 1218 3984 versu
1243 3925 1296 3986 di-

224 3998 361 4064 lucidius
384 4005 454 4066 sine
475 4002 617 4083 imagine
637 4004 840 4088 exprimitur.
882 3999 955 4066 Alii
977 4007 1151 4087 imaginem
1170 4029 1203 4070 v.
1218 4017 1250 4078 7.
1263 4022 1295 4080 8.

178 4075 183 4100 ¹
224 4088 269 4150 ita
291 4090 471 4174 explicant,
496 4099 533 4148 ut
554 4108 687 4168 regnum
707 4087 855 4154 divinum
876 4111 902 4152 s.
921 4089 1117 4156 Messianum
1135 4092 1294 4160 describa-
