2774 4688
223 263 299 356 296
348 263 392 334 Π.
418 240 593 336 Visiones.
617 261 679 336 111.
700 276 744 360 2.
760 263 799 335 c,
816 272 850 374 3.Ι
879 263 965 360 Gap.
986 273 1049 353 20,
1073 272 1096 342 2
1129 269 1172 340 3·
1282 265 1287 270 ·

223 457 340 512 ceatur.
389 445 472 512 Nam
499 447 537 513 in
562 447 689 512 dissitis
699 459 809 512 terrae
829 445 1014 529 regionibus
1038 457 1153 528 gentes
1178 453 1324 505 restant

224 553 244 596 a
264 533 328 599 fide
349 533 523 596 christiana
542 537 685 611 alienae,
706 535 746 597 ed
767 554 844 622 quas
865 537 901 596 in
921 535 986 597 fine
1004 533 1119 598 mnndi
1138 529 1323 593 seducen-

226 617 282 680 das
303 630 336 681 et
355 629 391 680 ut
412 631 538 685 sanctos
560 618 684 684 Christi
703 621 838 686 asseclas
869 611 955 684 hello
985 614 1142 682 infestent
1164 637 1323 701 permo-

196 719 202 730 ·
225 703 347 768 vendas
367 704 500 770 Satanae
520 707 653 772 inimica
674 707 806 795 quaevis
827 702 1020 768 Christianis
1041 703 1229 778 molientis
1263 701 1322 760 in-

109 794 117 820 ‘
226 800 377 854 terventu
400 791 487 876 opus'
502 803 551 856 est
571 813 604 854 v.
619 803 651 862 8.
665 803 704 868 93
725 813 801 874 ergo
824 791 878 853 vel
897 792 978 852 hanc
1001 791 1041 852 ob
1061 791 1200 854 causam
1224 783 1321 846 haud

227 869 401 940 confestim
428 875 532 938 exitio
559 878 759 948 flammarum
787 877 905 940 ultimo
934 895 969 938 v.
993 887 1043 944 10.
1070 873 1157 936 tradi
1180 881 1322 958 potest,

163 960 165 976 '
229 961 305 1046 quie
333 963 366 1024 ei
393 981 412 1024 e
442 983 564 1026 carcere
584 963 719 1026 dimisso
743 965 780 1026 in
799 973 885 1025 terra
903 959 1107 1026 nondumab
1135 955 1321 1040 improbis
1361 1031 1367 1045 .

231 1046 381 1110 omnibus
411 1059 545 1134 purgata
577 1049 712 1112 ultimos
744 1049 881 1134 denique
910 1047 1081 1131 improbos
1122 1039 1322 1105 sedueendi

230 1130 321 1194 locus
341 1131 552 1218 relinquiturr
582 1134 740 1220 quodsi,
769 1145 807 1203 ut
831 1131 1014 1218 praevideri
1034 1141 1163 1218 potest,
1186 1123 1321 1188 fecerit

171 1261 174 1267 -
231 1218 435 1304 animumque
452 1247 457 1270 ι
475 1237 568 1284 suum
603 1222 643 1282 ab
682 1220 773 1284 omni
804 1219 980 1304 probitatis
1014 1235 1122 1278 arnore
1165 1231 1320 1297 prorsus

231 1301 373 1364 alienum
401 1304 582 1390 corrigique
611 1305 753 1368 nescium
772 1303 952 1388 probarit,
969 1304 1040 1386 ipse
1065 1299 1215 1384 denique
1239 1317 1321 1358 cum

231 1387 287 1448 his
313 1389 440 1451 ultimis
467 1390 515 1457 rei
544 1389 739 1454 christianae
764 1389 912 1450 hortibus
936 1407 1044 1472 poena
1064 1385 1233 1448 efficietur
1257 1403 1320 1444 ae·

124 1521 126 1529 s
230 1481 323 1534 terna
341 1493 399 1538 nec
417 1474 555 1560 amplius
576 1476 608 1538 ei
625 1477 664 1540 in
682 1474 804 1538 mundo
823 1477 966 1536 novo'et
987 1472 1164 1558 impietatis
1188 1479 1229 1530 et
1253 1489 1319 1529 an·-

232 1575 287 1620 sae
307 1554 484 1643 impietatis
506 1561 611 1622 omnis
631 1571 769 1710 experte.
784 1561 874 1622 locus
896 1559 958 1622 etit
977 1559 1075 1640 ullus.
1122 1555 1193 1618 Nec
1217 1554 1316 1615 fictio

120 1727 123 1732 Ι
232 1643 312 1704 haec
342 1661 447 1724 nova:
489 1644 641 1710 similiter
686 1645 779 1708 udaei
807 1643 982 1706 daemones.
1003 1663 1060 1726 seu
1083 1641 1233 1723 angelos·
1257 1640 1317 1701 vel

232 1747 332 1806 reges,
345 1729 482 1814 peccetis
503 1731 649 1815 impuros
669 1731 791 1820 deoque
811 1731 955 1811 ingratos
976 1723 1094 1803 factos,
1124 1748 1167 1790 ne
1189 1727 1316 1788 bomi-
1366 1795 1367 1816 ,

232 1813 329 1876 nibus
354 1825 507 1890 noceant,
534 1819 570 1878 in
588 1812 682 1888 ,Orco
711 1815 854 1880 vinculis
877 1815 995 1892 iirrnis:
1009 1813 1164 1876 coercitos
1181 1811 1314 1874 ‚teneri
1366 1833 1367 1892 j

234 1899 361 1976 fingunt
382 1893 437 1976 (cs.
459 1913 527 1962 rrot.
548 1899 587 1962 ed
607 1905 706 1978 9,14.
727 1925 760 1988 p.
778 1905 861 1970 1831
871 1905 905 1961 'et
924 1909 1086 1985 praeterea
1106 1897 1170 1959 Jes.
1183 1901 1243 1972 24,
1256 1906 1311 1966 22.
1366 1899 1367 1966 Ϊ

232 1983 290 2044 ubi
311 1983 416 2067 prima
436 1985 578 2048 fictionis
602 1988 738 2066 vestigia
758 1979 933 2069 agnoscas).
974 1985 1077 2065 igitur
1098 1983 1254 2046 Satauam
1276 1983 1313 2042 in

150 2125 152 2134 ,
236 2061 353 2138 Orcum
373 2069 558 2132 detrusurus
577 2073 707 2152 angelus
726 2069 856 2134 cltwem
872 2072 968 2132 habet
985 2064 1095 2156 (chad
1110 2064 1311 2150 1,18·9,1·)

237 2163 271 2214 et
295 2161 454 2216 catenam
476 2149 623 2234 (ἅλυσις,
650 2151 691 2218 cf.
712 2159 807 2240 impr.
828 2155 902 2240 Sap.
924 2155 989 2218 Sat.
1005 2161 1118 2228 17,16·
1133 2155 1258 2230 18·Ϊ18,
1276 2157 1309 2220 4·

235 2237 292 2302 ubi
313 2239 423 2302 eadem
444 2261 511 2302 vox
534 2239 573 2303 de
601 2253 719 2306 catena·
739 2242 778 2304 ad
805 2241 971 2324 improbos
992 2241 1029 2301 in
1049 2234 1130 2300 Orco
1154 2237 1310 2300 vincien-

238 2321 315 2396 dos;
337 2324 479 2388 derivata
497 2325 633 2396 videtur„
648 2329 685 2389 ab
700 2319 787 2392 ciiuu
805 2321 1042 2400 circrtmvolui)
1057 2321 1240 2407 arrignani,
1265 2323 1306 2383 ob

236 2408 466 2483 molernsuam
487 2410 523 2473 in
549 2407 634 2499 (ἐπὶ)
655 2433 763 2476 manu
783 2411 1031 2496 prominentem.
1092 2406 1188 2494 leque
1213 2407 1308 2468 Sata-

122 2565 126 2572 ,
237 2491 448 2590 nerntcujus
482 2499 616 2560 nomina
641 2491 797 2582 factaque·
814 2495 946 2558 horrida
973 2506 1006 2557 et
1034 2491 1223 2555 detestanta
1251 2495 1307 2554 hic

162 2613 165 2620 ·
237 2578 386 2648 consulto
409 2581 517 2645 ornnia
538 2604 580 2646 ex
597 2593 646 2656 12.
663 2593 695 2656 9.
714 2578 912 2669 repetuntur)
933 2581 1206 2666 comprehensum
1230 2580 1307 2640 vin-

237 2665 384 2750 ctumque
404 2665 440 2728 in
463 2661 579 2739 Orcum
600 2661 721 2764 dejicit.
753 2665 898 2754 ἄβυσσος
918 2667 1017 2748 igitur
1040 2661 1113 2726 Orci
1141 2665 1235 2726 locus
1258 2676 1306 2726 est

221 2749 275 2814 rin
298 2772 360 2835 quo
381 2771 490 2814 manee
513 2764 545 2817 et
568 2758 742 2840 proborum
764 2764 796 2816 et
822 2753 1042 2837 improborum
1063 2751 1134 2812 sine
1156 2751 1302 2812 sensibus

238 2827 309 2896 fere
335 2845 367 2896 et
394 2839 580 2924 cruciatibus
608 2851 791 2914 versantur,
824 2849 862 2898 ut
880 2836 957 2898 inde
977 2832 1138 2898 in‘vi'tam
1158 2837 1303 2897 revocari

238 2931 356 3004 queant
377 2915 433 2997 (cf.
454 2921 495 2984 ad
514 2936 563 3007 11,
583 2934 615 2992 7·
636 2927 764 3002 17,·8·),
785 2925 877 3008 isque
897 2923 996 3008 probe
1016 2920 1263 3000 distinguendus
1284 2943 1302 2982 a

238 3004 281 3090 τῇ
303 3003 410 3093 λίμνῃ
428 3007 488 3072 τοῦ
509 3000 633 3094 πυρός,
662 3012 698 3072 in
730 3029 823 3094 quarn
851 3005 972 3070 detrusi
1000 3007 1139 3070 aeternis
1164 3007 1301 3069 fiammis

238 3089 384 3152 torrendi
404 3101 437 3152 et
458 3091 619 3154 cruciandi
640 3103 714 3171 sunt
740 3097 789 3168 14,
812 3103 862 3161 10·
885 3103 935 3162 11·
959 3100 1009 3168 19,
1031 3101 1084 3162 20·
1103 3100 1157 3164 90,
1182 3103 1233 3160 10·
1255 3099 1300 3166 tt.

240 3180 291 3242 15.
316 3185 368 3250 21,
388 3186 420 3246 8.
475 3174 522 3238 Ne
542 3178 679 3241 libidine
701 3175 892 3240 Christianis
917 3175 1056 3238 nocendi
1076 3177 1227 3258 abreptus
1247 3177 1301 3238 Sa-

237 3268 327 3322 tanas
350 3280 504 3346 carcerem
525 3264 704 3349 relinquat,
738 3273 911 3347 gentesque
934 3261 1061 3345 (ἔθνη,
1094 3283 1112 3322 a
1132 3259 1197 3323 fide
1218 3263 1300 3324 chri-

240 3345 344 3408 stiana
365 3345 500 3422 alienas,
523 3363 599 3434 quas
621 3351 675 3410 hic
698 3347 880 3410 inrdissitis
898 3349 994 3409 terris
1013 3348 1195 3408 habitantes
1215 3349 1300 3428 cogi-

165 3477 167 3484 .
238 3428 351 3501 tendas
382 3451 451 3492 esse
480 3454 522 3494 ex
545 3455 576 3494 v.
594 3445 625 3502 8.
644 3445 674 3506 9.
695 3429 839 3520 apparet)
861 3443 897 3493 ut
917 3433 1008 3515 prius
1024 3432 1217 3519 ,christianis
1239 3434 1299 3494 irri-
1366 3497 1367 3510 ,

238 3516 343 3600 enicast
362 3510 473 3589 faciat,
504 3518 593 3580 locus
621 3518 706 3582 unde
736 3520 898 3580 demissus
916 3529 981 3594 est,
1012 3519 1091 3580 bene
1113 3517 1236 3580 clausus
1256 3521 1298 3579 si-

204 3643 213 3668 ,
240 3601 322 3679 gillo
360 3603 517 3685 irrrpresso
550 3606 712 3680 munitur,
734 3658 736 3666 .
755 3616 791 3666 ut
820 3603 909 3666 idern
936 3603 975 3664 de
1008 3605 1117 3668 lecum
1143 3596 1297 3664 infernum

97 3655 100 3663 ¹
189 3761 192 3766 Δ
240 3685 350 3770 lapide
371 3687 543 3754 rrrurrituris
566 3690 687 3770 legitur
706 3687 789 3750 Dan·
809 3694 840 3764 6,
864 3692 916 3757 14·
937 3687 1052 3748 Μᾶῑῐὴ·
1073 3699 1124 3763 97,
1145 3693 1209 3762 663
1228 3711 1298 3750 con·

241 3793 376 3852 structio
406 3782 602 3875 ἐσφράγισεν
633 3783 745 3858 ἐπάνω
773 3784 877 3856 αὐτοῦ
899 3793 999 3854 fluxit·
1018 3815 1059 3854 ex
1077 3774 1118 3868 5)]
1133 3798 1225 3871 nitri,
1243 3801 1296 3872 ’00

239 3874 311 3937 Job.
336 3882 456 3950 1Q,14.
511 3877 573 3938 Sed
602 3879 658 3939 ubi
685 3877 777 3938 mille
808 3898 965 3940 annorum
993 3880 1131 3964 spatium
1151 3865 1297 3945 ad'fineri

239 3961 364 4040 vergit,
397 3961 536 4022 vinculis
556 3972 614 4046 par
642 3973 768 4046 tempus
789 3964 887 4024 breve
908 3960 1089 4026 solvendus
1111 3977 1176 4040 est,
1208 3965 1297 4032 ninii-

239 4067 312 4132 rum
346 4056 382 4118 ut
412 4066 615 4138 quaecunque
651 4048 728 4110 deus
758 4047 797 4112 de
818 4048 931 4136 impiis
954 4049 1103 4114 omnibus
1125 4053 1298 4140 exstirpen-
