2802 4684
155 333 157 340 ’
247 323 326 395 240
381 313 426 386 Π.
449 312 626 386 Visiones.
647 313 725 416 ¹111.
741 323 775 394 2.
813 309 856 384 A.
873 313 908 384 b.
934 313 1021 411 Cep.
1040 325 1100 408 14,
1123 325 1158 399 4.
1180 325 1218 400 5.

245 498 353 581 telligi
376 496 545 586 audirique
565 519 634 564 non
654 519 751 586 posse
770 509 921 588 putarent
942 493 998 577 (cf.
1016 499 1055 563 ad
1071 513 1104 580 2,
1123 503 1206 584 17.),
1227 513 1332 567 vates

246 589 375 672 saepius
395 607 503 648 rerum
523 587 560 650 in
580 586 672 650 coelo
692 584 897 650 infandarum
918 577 1112 676 laudumque
1134 587 1331 654 divinarum

244 673 389 738 auditum
420 672 522 734 beatis
553 682 680 734 tantum
700 671 905 758 voluptatem
934 673 1098 736 infinitam
1117 675 1232 738 afferre
1256 678 1332 740 fin-

245 769 336 842 gunt.
384 757 466 820 Vox
494 758 571 820 haec
600 769 714 843 utpote
735 759 923 842 angelorum
944 759 1121 822 multorum
1139 758 1332 823 altissima

245 857 294 909 est
310 837 371 931 (cf.
393 855 422 920 1,
446 853 495 914 15·
518 851 601 920 6,1.
626 845 841 932 ibique-not.)
864 865 1043 930 sonumque
1064 847 1203 908 citharae
1223 849 1331 908 suavi

243 931 462 995 modulationi
479 931 693 994 occinentium
714 925 815 994 refert
836 925 891 1016 (cf.
915 928 955 992 ad
975 941 1005 1003 5,
1026 925 1094 1012 8.)3
1120 934 1192 1016 ipsa
1209 944 1330 995 autem

244 1017 408 1082 decantata
431 1035 520 1080 novo
552 1027 585 1078 et
612 1013 757 1078 inaudita
777 1013 929 1078 videntur
950 1009 1007 1094 (ci.
1029 1013 1068 1080 ad
1086 1024 1117 1094 5,
1137 1019 1201 1098 9.),
1239 1039 1329 1103 quae

242 1103 432 1173 mortalium
460 1101 563 1164 menti
593 1100 679 1163 haud
709 1101 916 1188 percipienda
937 1100 1022 1164 beati
1042 1113 1166 1166 tentum
1187 1104 1331 1165 intelli-

236 1201 321 1275 ·gant
342 1185 565 1334 intellectapus
586 1199 734 1273 repetant
753 1187 933 1274 (μαθεῖν).
986 1183 1170 1276 Angelique
1189 1187 1229 1249 hi
1253 1212 1329 1253 non

243 1275 351 1338 monti
372 1273 467 1338 Sioni
486 1295 504 1335 a
526 1283 628 1350 stant,
651 1273 763 1360 quint
784 1273 947 1335 terrestris
967 1271 1074 1354 imago
1096 1276 1132 1336 in
1152 1274 1248 1336 coelo
1267 1276 1328 1339 in-

170 1365 172 1374 '
244 1357 360 1434 feriori
389 1359 471 1421 situs
502 1357 689 1440 cogitandus
716 1369 767 1422 est
794 1355 893 1446 (unde
914 1379 950 1422 se
970 1379 988 1422 e
1011 1355 1101 1421 coelo
1119 1379 1236 1422 vocem
1261 1382 1326 1423 au-

243 1447 329 1510 disse
349 1445 431 1508 dicit
453 1453 550 1528 yates'
564 1465 597 1508 v.
618 1453 649 1516 2.
670 1445 724 1507 cll.
746 1453 796 1524 10,
816 1448 912 1515 4-8.
935 1453 984 1521 11,
1007 1447 1163 1526 1215),
1201 1443 1264 1508 sed
1288 1459 1326 1509 ut

137 1581 144 1590 ,
226 1531 335 1602 ,ᾶοοοι
353 1531 408 1596 dei
426 1531 546 1592 throno
570 1531 762 1594 animalibus
775 1539 919 1618 ,quatuor
933 1531 1192 1618 presbyterisque
1207 1533 1323 1595 cincto

181 1655 185 1668 ·
243 1613 299 1709 (cf.
328 1617 463 1684 eandem
491 1615 657 1680 fictionem
686 1611 907 1701 5,1.1-14.),
940 1627 977 1678 ut
1011 1615 1061 1702 pit
1093 1639 1165 1679 cum
1191 1616 1321 1681 Messia

242 1704 373 1768 collecti
410 1723 527 1766 sonum
559 1723 671 1766 eorum
691 1703 829 1786 „eminus
849 1699 990 1765 audiant.
1011 1693 1237 1787 dyoooopc'vot
1261 1699 1322 1789 (cf.

243 1790 283 1852 ad
304 1799 338 1866 5,
349 1799 380 1863 9.
403 1793 488 1867 not.)
511 1779 580 1854 α’πὸ
599 1789 660 1874 τῆς
680 1787 742 1875 γῆς
761 1787 897 1854 redemti
917 1807 941 1849 a
962 1793 1059 1849 terra
1079 1790 1104 1849 i.
1120 1810 1149 1851 e.
1170 1809 1189 1850 a
1209 1799 1321 1852 terrae
1380 1843 1381 1852 ,

241 1875 428 1962 (hominum
448 1873 649 1955 vulgarium,
669 1873 755 1938 unde
775 1893 808 1937 v.
827 1877 860 1944 4.
879 1863 1154 1958 τῶνάνθρώπων
1167 1895 1243 1936 cum
1254 1877 1321 1962 γῆς
1380 1899 1381 1936 3

266 1956 472 2044 ermuctatur)
506 1959 601 2023 vitiis
633 1971 666 2022 et
689 1959 929 2022 ,calamitatibus
963 1958 1093 2020 liberati
1125 1959 1253 2046 deoque
1285 1972 1319 2024 et
1380 1967 1381 2032 j

240 1985 378 2112 llessiae
400 2046 539 2110 cultores
558 2057 652 2132 atque
674 2047 762 2108 cives
779 2047 934 2108 coelestes
956 2037 1041 2104 iacti.
1068 2077 1114 2113 ,-
1155 2044 1202 2106 V.
1222 2051 1259 2117 4.
1284 2056 1319 2116 5.
1380 2103 1381 2110 ,

240 2131 359 2197 Fusius
389 2125 455 2229 jam
482 2131 531 2218 pii
560 2133 602 2194 hi'
619 2127 838 2214 distinguendi
865 2139 897 2196 et
920 2127 1083 2213 imprimis
1107 2129 1221 2218 quibus
1244 2133 1318 2194 vir-

239 2222 362 2296 tutibus
383 2220 472 2281 viarn
493 2217 556 2278 sibi
577 2216 617 2280 ad
637 2228 734 2280 tanta>
749 2217 863 2298 gaudia
882 2215 1100 2293 inuniverint,
1128 2213 1316 2281 describen-

240 2306 416 2368 duruerat.
456 2299 586 2366 Morum
607 2306 775 2366 sanctitate
797 2313 831 2366 et
850 2303 994 2364 castitate
1015 2301 1061 2362 ita
1084 2303 1248 2381 eminent,
1280 2315 1317 2366 ut

126 2428 144 2452 =.
238 2385 398 2476 virgines
429 2385 495 2450 dici
522 2400 653 2474 queant,
687 2385 902 2452 scerninarum
922 2386 1071 2468 contagio
1092 2387 1180 2450 haud
1201 2401 1316 2454 conta-

239 2475 374 2549 minatis
413 2473 587 2556 παρθένος
621 2475 710 2538 enim
732 2467 1012 2569 Graeco-judaeis
1039 2483 1073 2534 et
1099 2472 1250 2546 Patribus
1276 2474 1315 2539 de

237 2559 314 2626 viro
345 2559 443 2622 etiam
469 2569 557 2620 casto
577 2559 694 2622 dicitur
716 2555 756 2622 cf.
778 2558 867 2624 S'nid.
889 2557 948 2622 sub
972 2579 1004 2620 v.
1026 2556 1149 2621 Suiceri
1169 2561 1315 2624 thesaur.

239 2641 448 2736 πορθονικοί
472 2645 510 2708 in
537 2647 655 2710 oracul.
678 2645 794 2728 Sibyll.
822 2668 855 2732 p·
871 2655 946 2716 201·
968 2643 1017 2708 ed.
1039 2641 1183 2725 Gallaei3
1225 2647 1313 2710 unde

134 2839 137 2852 ,
179 2779 181 2786 ’
235 2774 292 2837 vel
319 2795 338 2838 a
363 2753 489 2870 ”dms
519 2775 623 2840 serius
648 2774 860 2840 masculinum
886 2757 1010 2866 batth-2,
1048 2761 1146 2836 ll0b2
1179 2772 1313 2840 ludaeis

188 2889 191 2914 ¹
237 2879 393 2968 Syrisque
421 2879 595 2948 formatum
615 2895 683 2960 est,
718 2893 753 2943 ut
776 2901 828 2966 ap.
849 2878 1003 2945 Gaulmin
1022 2881 1062 2945 ad
1088 2883 1162 2944 libr.
1183 2879 1226 2943 de
1251 2881 1312 2942 rit.

236 2979 270 3028 et
290 2979 396 3030 morte
413 2969 518 3034 iliosis
539 2992 572 3055 p-
587 2971 768 3042 222-224
789 2966 839 3032 ed.
860 2967 953 3030 Fabr.
971 2963 1145 3032 Assemani
1164 2967 1245 3030 bibl.
1265 2988 1311 3028 or.

238 3049 279 3114 T.
296 3065 325 3123 1.
345 3073 378 3140 p'.
393 3062 467 3126 362.
492 3049 534 3116 cf.
556 3053 659 3126 QCor.
683 3065 733 3129 11,
752 3063 784 3124 2.
852 3049 927 3136 Qua
948 3055 1092 3118 castitate
1112 3055 1310 3137 interpretes

158 3165 162 3169 ·
236 3139 355 3202 volunt
375 3135 444 3206 fere
466 3151 574 3203 vatem
590 3135 745 3202 omnium
760 3135 935 3204 virtutum
955 3153 1104 3204 ornatum
1124 3139 1309 3224 exprimere

236 3225 400 3304 voluisse,
433 3236 469 3288 ut
490 3247 559 3288 non
578 3223 780 3288 matrimonii
801 3225 1018 3304 abstinentia,
1046 3227 1102 3290 sed
1125 3225 1213 3289 vitae
1233 3235 1309 3285 tan·

235 3309 306 3372 turn
325 3332 343 3372 a
365 3313 560 3374 scortatione
580 3312 735 3400 irmpunis
755 3309 825 3372 laus
840 3309 897 3372 hic
907 3309 1136 3398 praedicetur.‘
1151 3311 1187 3372 Si
1200 3321 1308 3371 tamen

235 3397 437 3459 matrimonii
463 3397 691 3460 abstinentiam
722 3407 792 3456 tum
816 3398 976 3481 temporis
994 3397 1122 3461 iudaeis
1144 3394 1311 3458 Christia—
1378 3453 1379 3460 ,

235 3483 352 3568 nisque
381 3481 467 3544 haud
503 3484 613 3568 paucis
648 3481 784 3567 plurimi
816 3476 931 3544 saetam
960 3502 1028 3546 esse
1058 3481 1176 3572 (1Cor.
1195 3491 1228 3551 7.
1267 3474 1307 3542 cf.
1378 3471 1379 3496 ¹

237 3563 406 3632 Gaulmin«
422 3567 446 3628 l.
463 3589 489 3630 c.
532 3577 626 3638 .222.
645 3579 697 3638 23.
739 3563 841 3630 Clem.
851 3587 903 3654 ep.
918 3579 992 3640 Μ.
1015 3568 1055 3631 ad
1073 3569 1190 3632 calcem
1211 3563 1250 3628 Ν.
1268 3565 1307 3628 Τ.
1378 3597 1379 3616 .

208 3649 400 3718 rWetsten.
430 3647 475 3715 A.
503 3589 649 3716 deendor
677 3648 870 3716 Geschichte
902 3653 959 3736 der
990 3655 1116 3718 christl.
1144 3652 1220 3716 Rel.
1240 3651 1308 3714 und
1378 3659 1379 3732 l

234 3735 361 3802 Kirche
382 3737 418 3800 P.
429 3749 461 3809 2.
479 3759 512 3823 p.
527 3745 600 3808 475.
620 3734 708 3822 659.)
730 3749 937 3822 reputamus,
968 3740 1031 3802 hoc
1053 3741 1167 3802 saltem
1188 3759 1306 3800 conce·
1378 3791 1379 3816 ,

234 3821 374 3890 dentium
401 3837 463 3899 est,
499 3835 607 3886 vatem
631 3825 686 3884 hic
711 3824 814 3886 vitam
835 3827 872 3886 ab
894 3828 984 3888 omni
1004 3828 1227 3889 illecebrarum
1249 3845 1307 3904 ge·
1378 3825 1379 3838 ¹

233 3931 311 3973 nere
333 3921 492 3974 servatam
512 3911 762 3985 sanctissimam,
783 3911 909 3996 qualem
931 3908 1004 3996 ipse
1025 3914 1170 3998 cupiebat
1189 3923 1305 3995 postu·

221 3996 396 4084 dabatque,
419 3996 596 4058 describere
616 3997 772 4056 voluisse.
794 4001 826 4060 oi
848 3989 1116 4072 ἀκολουθοῦντες
1137 3999 1193 4082 qui
1216 3994 1304 4058 Mes-

175 4079 180 4094 ‘
233 4083 314 4144 siam
336 4093 524 4168 quocunqne
540 4099 574 4142 se
592 4091 697 4145 vertat
717 4093 909 4171 sequuntur,
928 4082 991 4144 toti
1010 4079 1086 4164 ergo
1107 4085 1184 4146 huic
1201 4081 1303 4145 dediti

474 4177 486 4202 ὑ
