2848 4682
100 257 256 386 Expend.
272 313 345 364 ver.
366 291 411 358 de
428 269 563 440 argmn.
585 277 791 382 etintegrit.
807 287 891 358 libri
908 243 1065 382 opinion.
1118 299 1165 372 25

176 453 299 538 Omnia
328 470 436 538 fere
426 495 461 536 ιιι
486 496 583 541 sensu
600 449 696 539 recte
727 472 949 570 constituendo
973 403 1167 560 dependent
1219 517 1222 528 ι

100 581 135 646 ab
164 567 404 644 hostibus
394 577 554 664 tmpiis,
592 599 673 664 quos
708 591 791 645 tecte
824 557 931 646 innuit
954 591 1092 659 auctor,
1124 604 1168 648 ex
1229 585 1256 624 '-

98 685 218 752 indiciis
239 673 366 774 tamen,
399 704 482 777 quac
498 683 685 764 admiscuit,
715 697 763 749 sat
786 680 918 758 multis
931 700 962 748 et
990 687 1168 772 perspicuis

92 791 178 857 bene
207 786 474 914 cognoscendis.
485 788 665 876 Suntque
685 788 725 854 de
757 789 807 856 his
843 790 907 855 duo
936 790 1169 877 interpretandi
1245 867 1247 872 ,

100 915 224 984 genera.

177 1104 206 1170 I.
238 1100 387 1172 Credunt
415 1101 527 1182 multi,
564 1113 731 1167 auctorem
765 1121 834 1166 non
865 1102 906 1166 de
932 1104 982 1168 sui
1011 1105 1169 1192 temporis
1196 1146 1200 1193 .'

99 1207 242 1314 hostibus
261 1208 366 1294 loqui,
396 1206 452 1272 sed
472 1206 514 1270 de
535 1206 694 1274 futuris
717 1205 771 1272 vel
794 1207 1089 1324 postimmensum
1109 1233 1170 1274 an·
1195 1205 1201 1316 ³3

97 1333 215 1374 ιιοιιιιιι
236 1311 451 1378 intervallum.
499 1303 600 1422 ‘Quae
628 1323 739 1378 tamen
760 1301 871 1407 opinio
897 1335 941 1378 ex
961 1312 1053 1377 falsa
1049 1324 1095 1376 et
1118 1313 1171 1384 ni·
1198 1328 1203 1386 3
1259 1367 1262 1374 .

56 1435 58 1442 ’
97 1418 159 1480 mis
187 1401 284 1482 anxia
311 1416 538 1481 vaticiniorum
565 1413 700 1482 notione
725 1429 814 1498 orta,
846 1417 892 1482 nil
918 1416 1016 1486 habet
1035 1417 1210 1504 omnino
1201 1396 1209 1459 l

77 1541 162 1608 -quo
189 1545 224 1587 se
254 1533 391 1588 tueatur.
446 1523 535 1588 Nem
556 1521 599 1586 nb
622 1523 746 1603 dicam,
781 1523 808 1588 si
831 1520 909 1608 quid
930 1521 1008 1586 utile
1028 1499 1172 1604 scribere
1205 1517 1212 1606 f

98 1627 262 1712 voluerint
300 1641 443 1690 auctores
473 1630 573 1711 sacri,
608 1631 695 1695 haud
725 1629 821 1694 dubie
848 1641 924 1706 tum
951 1647 1066 1689 omnes
1099 1637 1174 1690 tum
1204 1619 1209 1631 '

90 1743 188 1799 ,vates
218 1731 423 1850 potissimum
452 1734 489 1798 iu
519 1737 568 1800 sui
607 1738 767 1826 temporis
798 1724 1027 1812 commodum,
1068 1733 1199 1816 qualis„
1272 1718 1275 1763 3

11 1839 12 1842 ’
99 1836 212 1902 coaevi
227 1835 320 1922 ipsi
309 1835 392 1936 bene
408 1837 648 1932 perspicerent,
669 1840 810 1913 scribere
830 1819 995 1917 debuisse,
1014 1833 1175 1914 omniurn,
1205 1825 1212 1926 ζ

97 1941 138 2004 ad
162 1959 303 2026 qnorum
322 1964 423 2028 genus
445 1943 665 2031 Apocalypsis
685 1945 842 2032 pertinet,
862 1965 1001 2032 operum
1020 1943 1175 2030 similium
1208 1943 1215 2040 'l

97 2047 195 2112 iatio
203 2059 235 2110 et
257 2048 426 2112 consilium
454 2047 529 2112 Ιιιιίο
550 2050 697 2136 opinioni
729 2049 845 2114 obstat
896 2049 1016 2119 Nam'
1007 2071 1043 2112 ιιι
1063 2049 1175 2112 onmi-
1212 2041 1215 2050 ’

94 2153 158 2216 bus
179 2151 229 2218 his
250 2142 400 2238 tempora
421 2125 615 2238 quibuscum
638 2156 803 2221 coaevis
826 2145 1078 2230 conflictandum
1099 2163 1177 2230 erat,

97 2257 278 2322 calamitosa
305 2271 338 2321 et
369 2259 515 2350 luctuose
542 2281 655 2324 ansam
683 2258 723 2322 ad
753 2255 963 2344 scribendum
992 2251 1174 2342 praebuere

95 2353 227 2428 vatibus
234 2387 246 2444 3
278 2384 415 2428 coaevos
443 2363 539 2450 gravi
568 2345 781 2430 vexationum
810 2385 910 2429 onere
938 2383 1083 2449 pressos,
1115 2361 1175 2422 de-

96 2481 286 2556 sperantes,
306 2466 413 2556 ,lidem
433 2468 629 2555 abnegantes
645 2471 875 2548 consolantur3
906 2469 1036 2552 erigunt
1055 2465 1173 2530 suturis
1261 2499 1264 2510 «

95 2570 260 2654 virtutum
295 2589 326 2636 et
355 2573 517 2660 imprimis
541 2570 736 2638 constantiae
763 2559 924 2659 'praemiis
952 2568 1174 2652 ostentandis3

94 2690 224 2764 terrent
250 2679 378 2770 poenis¹
394 2691 467 2744 tum
494 2691 716 2766 tyrannorum
743 2688 815 2741 tum
837 2673 936 2740 fidem
957 2672 1178 2760 deserentium

49 2849 50 2852 ,
96 2781 219 2848 suturis
247 2765 452 2872 vividissimd
476 2779 708 2872 depingendis}
734 2804 814 2868 quae
834 2777 944 2844 sutura
968 2785 1102 2869 sperant
1122 2777 1177 2840 vel
1217 2847 1219 2852 ,
1257 2849 1262 2858 s

96 2887 283 2967 minantur,
314 2875 351 2952 'et
370 2888 441 2973 ipsa
465 2910 507 2952 ex
535 2885 741 2976 opinionibus
768 2885 838 2950 aevi
860 2885 942 2950 illius
965 2879 1177 2964 dijudicanda,
1313 2870 1318 2882 ‘

96 3005 179 3058 vota
205 3005 331 3062 tantum
364 2989 396 3056 et¹
416 3013 509 3077 spem
528 2992 616 3078 piam
638 3013 681 3056 ex
704 2991 846 3070 divinae,
879 3010 961 3074 quae
983 2985 1044 3050 sibi
1062 2986 1098 3050 in
1120 3008 1177 3048 ae·
1235 3035 1237 3043 s
1300 3073 1302 3085 1

94 3108 233 3162 ternum
249 3085 418 3175 constabit,
436 3097 575 3180 justitiae
589 3095 659 3164 idea
676 3095 823 3160 haustam
841 3092 1028 3183 continent3
1049 3111 1130 3176 quae
1148 3091 1177 3156 si
1239 3171 1243 3178 Ι

95 3199 139 3266 de
161 3201 215 3266 his
232 3200 386 3288 operibus
402 3199 484 3262 bene
503 3211 669 3276 tenemus,
689 3196 902 3290 intelligemus
917 3195 1064 3282 quidem,
1077 3215 1177 3281 opera
1190 3199 1205 3268 ¹,
1258 3255 1261 3263 ι

94 3297 199 3389 hujus
231 3297 358 3398 generis
386 3307 592 3394 ¹paraenetica
620 3307 685 3375 suis
714 3306 859 3392 ,quorum
888 3301 999 3366 usibus
1034 3300 1176 3366 destina-

94 3411 221 3488 bantur
249 3411 453 3498 temppribus
475 3413 663 3502 utilissima,
683 3421 831 3496 nostrae,
862 3407 898 3472 in
919 3429 982 3494 qua
1002 3405 1097 3493 longe
1118 3407 1188 3473 alia,

97 3537 137 3578 se
167 3511 291 3601 panditx
312 3537 426 3604 rerum
453 3513 568 3596 facies,
601 3515 707 3580 aetatis
729 3513 840 3580 usibus
863 3537 906 3578 ex
928 3524 1026 3601 parte
1047 3522 1178 3606 tantum
1200 3533 1202 3545 ¹

93 3617 264 3685 inservire
285 3611 399 3706 posse,
435 3621 570 3708 egregiis
595 3621 790 3707 praesertim
818 3619 933 3706 quibus
955 3639 1049 3704 saepe
1072 3617 1177 3682 abun-

96 3723 183 3788 dant
212 3723 252 3788 ad
274 3725 442 3792 virtutem
471 3737 504 3790 et
537 3724 748 3794 constantiam
777 3729 864 3792 iuter
889 3725 1053 3792 malorum
1080 3735 1177 3787 onera

94 3829 259 3894 tuendam
284 3829 577 3939 adhortationibus.
611 3843 644 3895 at
670 3834 813 3920 probum
841 3824 872 3896 et
892 3831 986 3918 pium
1007 3840 1177 3893 auctorum

98 3935 277 4001 consilium
308 3959 520 4024 agnoscemus
549 3949 582 4002 et
607 3935 772 4022 judicium
790 3935 829 4000 de
855 3937 1006 4022 operibus
1034 3919 1177 4028 fetemus

98 4039 242 4118 iustum.
284 4039 397 4134 thue
419 4043 580 4124 Danielis,
599 4040 1001 4124 Henocl11‚Pseudoesrae
1023 4021 1229 4106 aliorum*

94 4165 166 4228 que
188 4143 299 4234 hujus,
307 4148 422 4216 indolis
450 4148 522 4214 libri
547 4161 705 4234 tyrannos
728 4145 809 4211 vel
800 4145 916 4232 impios
937 4145 986 4210 sui
1014 4144 1181 4238 temporis,
1363 4117 1370 4156 Ι

876 4381 1059 4444 '³st
