2774 4688
326 60 480 106 Ns

188 253 191 260 '
261 285 335 355 302
421 271 465 342 rr
487 265 663 368 riennes.
686 267 801 348 nro.
829 269 870 342 o.
892 281 930 352 3.
958 269 1044 367 cip.
1060 283 1120 362 20,
1145 285 1179 356 5,

260 453 475 546 exprimitur,
494 464 530 516 ut
550 453 657 540 primo
677 455 750 520 luco
771 461 945 540 nrortyres
971 456 1181 527 nominentur
1212 460 1260 524 ob
1290 463 1348 524 fir·

258 569 347 610 marn
366 557 400 608 et
420 544 643 604 inconcussrtrn
676 539 754 604 fidei
782 540 975 604 christianae
1004 539 1253 628 professionem
1292 545 1347 634 (cf.

259 655 292 718 p.
316 631 384 712 87.)
415 628 518 692 securi
546 621 718 708 (πελεκεῑ)
749 627 912 709 percussi,
943 649 1007 716 quo
1035 632 1192 716 supplicii
1219 654 1346 712 genere

256 717 481 799 ignominioso
509 713 607 774 simul
634 712 674 776 ud
696 715 901 792 magistratus
933 733 1084 776 romanos
1110 719 1219 778 securi
1254 721 1346 780 occi-

212 879 216 886 *
257 803 369 866 dentes
390 797 561 874 alluditur3
591 797 667 862 dein
687 799 786 862 ceteri
808 819 921 860 omnes
941 800 991 882 pii
1013 801 1068 884 qui
1087 797 1345 868 Antichristum

131 945 139 970 x
257 889 389 952 odorere
409 887 582 952 noluerunt
603 879 645 946 cs·
669 892 718 958 13,
742 889 792 952 16·
817 893 869 952 17·
892 890 994 959 1t‚9·
1017 895 1066 960 152
1086 896 1118 958 2·
1141 895 1194 964 16,
1227 899 1265 958 2·
1292 901 1342 966 19,

256 974 310 1048 2'0.
352 973 454 1056 Igitur
472 969 527 1036 uui
549 969 673 1042 oirr'usc
690 969 787 1030 simol
809 989 826 1030 a
841 962 951 1058 ψυχᾶς
964 968 1029 1036 τῶν
1050 971 1168 1056 pendet
1181 967 1343 1070 junctura

203 1113 211 1145 Ι.
257 1063 405 1126 hebraee.
425 1055 553 1144 ἐβασιλ.
572 1050 613 1117 cs.
635 1055 673 1117 ad
697 1066 725 1130 t,
747 1061 786 1128 ὃς
807 1055 923 1116 alludit
944 1053 983 1118 ad
1005 1065 1035 1130 2,
1057 1064 1109 1126 26.
1130 1067 1184 1128 27.
1208 1091 1256 1106 -
1298 1061 1342 1124 V,

255 1155 288 1216 5.
309 1153 339 1216 6.
383 1143 464 1208 Cum
490 1143 559 1204 vita
587 1161 645 1227 per
673 1161 709 1202 se
736 1133 802 1236 jem
828 1151 932 1202 rnorte
960 1141 1099 1221 ignobili
1118 1163 1283 1229 moraque
1306 1148 1341 1210 in

257 1229 356 1309 Orco,
379 1233 408 1294 si
429 1229 595 1292 doloribus
617 1236 760 1300 carente,
788 1236 821 1288 et
840 1220 1012 1322 injucunde
1031 1228 1145 1292 saltem
1166 1241 1200 1292 et
1223 1227 1340 1294 infru-

254 1319 362 1380 ctuosa
382 1318 493 1402 potior
514 1313 556 1374 sit
578 1310 789 1390 nestirnanda,
817 1312 994 1398 impiorum
1029 1333 1106 1376 seue
1134 1335 1193 1400 per
1227 1327 1338 1382 toturn

253 1405 318 1466 hoo
339 1416 467 1489 ternpus
488 1401 622 1478 longum
643 1401 679 1460 in
702 1393 789 1480 Orco,
806 1397 975 1460 latentium
1007 1416 1078 1460 sors
1107 1396 1252 1480 lugende
1275 1417 1337 1466 est.

253 1484 388 1553 Accedit
408 1485 492 1576 quod
514 1486 563 1568 pii
584 1485 621 1544 hi
642 1473 774 1581 judicati
794 1485 1036 1569 resuscitatique
1057 1485 1092 1565 in
1113 1507 1216 1566 reguo
1240 1486 1337 1550 bles-

252 1577 319 1638 siee
351 1575 414 1636 hoc
441 1571 586 1638 terrestri
614 1564 715 1631 futuri
745 1569 895 1631 coelestis
927 1571 964 1632 in
990 1580 1154 1632 aeternum
1182 1571 1335 1636 duraturi

250 1659 434 1748 mundoque
455 1678 543 1722 novo
563 1656 641 1717 vitii
662 1663 795 1738 experte
819 1663 923 1716 cresto
941 1649 1099 1717 felicioris
1113 1677 1248 1720 sensum
1263 1655 1333 1756 -jam

249 1757 472 1832 praegustantr
500 1742 639 1806 Moesiae
659 1744 748 1804 enirn
770 1742 904 1804 nurnine
922 1752 1089 1826 praesente
1110 1743 1173 1804 tuti
1196 1765 1278 1806 sunt
1301 1759 1333 1808 et

251 1833 453 1894 sacerdotum
473 1831 575 1894 instar
596 1842 780 1890 sauctorum
803 1821 915 1915 (dyroc
936 1827 1083 1912 sequenti
1104 1831 1133 1894 is
1154 1841 1202 1901 εἰς
1215 1833 1331 1916 expli-

222 1927 225 1932 '
249 1913 350 2002 ratur)
372 1929 502 1980 naturae
524 1913 653 1978 divinae
675 1913 846 1998 propiores
867 1911 1102 1998 carioresque„
1120 1851 1161 1976 ci.
1191 1929 1267 1976 not.
1291 1915 1329 1978 ad

248 1994 279 2078 l,
300 2010 331 2072 6·
380 2001 422 2066 Et
449 2003 530 2066 baec
558 2000 630 2084 ipsa
658 1997 698 2060 de
726 1998 794 2082 piis
826 2017 884 2082 per
912 1997 1006 2060 mille
1033 1999 1094 2060 hos
1125 2021 1231 2064 annos
1255 2016 1327 2066 ente

169 2093 175 2102 '
236 2087 360 2151 mundi
380 2081 478 2182 hujus
500 2088 599 2148 finem
618 2085 718 2146 beatis
747 2083 860 2167 opinio
891 2081 1154 2146 resurrectionis
1179 2083 1323 2168 primae

246 2171 436 2260 nrortisque
466 2167 635 2234 secundae
656 2167 818 2232 'notiones
845 2177 882 2230 ut
911 2167 988 2228 huic
1021 2168 1103 2230 libro
1133 2163 1323 2256 frequentes

246 2253 311 2338 (cf.
326 2269 359 2320 et
380 2279 477 2343 supra
497 2267 527 2330 2,
550 2250 603 2338 11)
625 2257 670 2335 ite
691 2253 826 2340 reliquis
846 2251 885 2314 N.
908 2250 948 2314 T.
980 2253 1111 2338 scriptis
1137 2255 1324 2334 incognitus

247 2345 352 2408 enasci
373 2339 460 2407 fecit.
503 2339 583 2404 Cum
604 2342 692 2406 enim
719 2339 810 2420 regni
838 2339 1004 2402 beatorum
1024 2339 1184 2424 milliarii
1219 2353 1324 2406 terre-

246 2431 323 2492 stris
346 2451 420 2516 spes
444 2449 516 2492 curn
534 2427 714 2512 antiquiore
736 2419 850 2521 judicii
881 2425 917 2486 in
948 2423 1014 2486 fine
1041 2423 1154 2486 mundi
1181 2425 1223 2488 de
1246 2431 1322 2490 uni-

246 2515 354 2578 versis
382 2513 520 2577 bibendi
550 2511 791 2598 exspectatione
822 2503 1024 2608 jungeretur,
1059 2509 1181 2596 duplex
1216 2524 1322 2576 statu·

246 2599 328 2664 ende
354 2614 423 2664 erat
449 2601 662 2672 resurrectio,
701 2596 792 2680 prior
823 2595 863 2656 ad
892 2596 966 2680 pios
987 2597 1132 2672 tanturn,
1170 2617 1250 2676 ergo
1281 2599 1319 2662 ad

239 2683 441 2771 pauciores,
473 2693 510 2746 ut
539 2705 582 2746 ex
608 2689 789 2768 ‘temporum
824 2678 1172 2744 illorum.conditione
1204 2684 1319 2765 colligi
1348 2685 1352 2692 ’

242 2783 372 2856 poterat
394 2766 450 2857 (cf.
471 2792 505 2856 p.
528 2771 622 2848 164),
653 2767 837 2854 pertinens,
866 2766 1029 2850 posterior
1057 2769 1093 2828 in
1114 2769 1180 2830 fine
1202 2771 1316 2832 mundi

187 2889 189 2900 ·
243 2857 309 2950 jem
330 2855 369 2920 ad
390 2859 554 2938 ingentem
576 2867 701 2918 tentum
721 2853 898 2938 impiorum
925 2851 1050 2936 copiam
1073 2854 1158 2914 trahi
1189 2867 1316 2937 poterat

243 2953 430 3020 v.12.13;
462 2942 518 3004 sed
537 2940 689 3002 videntur
711 2933 818 3000 temen
848 2935 1016 3022 opinionis
1045 2931 1141 3036 hujus
1172 2933 1314 3016 suntores

241 3030 317 3116 pios
338 3027 544 3091 resuscitatos
564 3019 630 3122 jam
654 3036 687 3087 et
708 3021 905 3088 inunortales
927 3015 1028 3083 sectos
1058 3024 1094 3084 in
1115 3021 1315 3088 boemundi
1368 3025 1369 3094 f

241 3118 307 3180 fine
329 3134 464 3198 corpora
484 3109 706 3198 splendidiore
734 3121 767 3172 et
793 3127 881 3172 novo
912 3105 1032 3170 inundo
1060 3110 1187 3192 aptiore
1215 3111 1314 3174 indu·
1368 3177 1369 3190 ,

241 3213 332 3264 turos
354 3219 425 3262 esse
446 3211 586 3284 putasse.
640 3195 791 3258 Necnon
809 3189 990 3280 judicium
1012 3188 1141 3278 duplex
1167 3205 1312 3260 statuen-
1368 3191 1369 3262 ζ

223 3277 318 3350 ’.ᾶυιη
340 3271 428 3362 eret,¹
440 3287 532 3368 prius
550 3283 590 3344 nd
610 3282 684 3367 pios
701 3279 791 3342 solos
806 3279 973 3363 pertinens
991 3299 1063 3340 curu
1077 3283 1326 3362 resurrectione,
1368 3275 1369 3300 ³

229 3373 350 3460 ,priore
373 3369 597 3467 conjunctumr
619 3369 755 3429 alterum
770 3365 805 3427 in
826 3365 891 3426 stne
912 3363 1025 3426 mundi
1046 3363 1085 3424 ad
1101 3387 1216 3442 ornnes
1240 3389 1310 3428 om-

240 3459 320 3520 nino
342 3458 509 3542 perstrens
533 3455 683 3527 solenne,
717 3471 779 3537 quo
809 3447 906 3534 impii
932 3449 992 3512 vix
1015 3447 1055 3508 ed
1069 3447 1232 3546 judicium
1253 3474 1309 3514 eu-

239 3541 390 3607 diendurn
413 3540 595 3604 resuscitati
622 3539 658 3600 in
681 3533 798 3598 Orcum
820 3533 973 3610 cundem,
1005 3535 1173 3614 regionem
1202 3550 1308 3603 tamen

238 3624 309 3710 ejus
335 3629 475 3690 flammis
504 3625 642 3690 aeternis
663 3623 811 3708 plenem,
846 3621 964 3680 iterum
993 3615 1182 3684 detrudendi
1212 3636 1245 3684 et
1272 3625 1305 3688 in

237 3711 427 3800 perpetuum
449 3711 618 3798 puniendi,
637 3711 686 3794 pii
706 3707 825 3768 dudum
843 3705 1041 3766 immortales
1057 3699 1133 3766 secti
1153 3701 1221 3791 jam
1236 3731 1305 3770 cor-

237 3802 371 3886 poribus
401 3797 674 3884 splendidioribus
709 3792 858 3854 essumtis
893 3792 1103 3876 amplioribus
1139 3797 1237 3856 etium
1269 3797 1304 3857 in

211 3905 325 3948 ‘novo
357 3906 459 3966 regno
493 3883 625 3946 coelesti
656 3879 809 3964 praemiis
843 3875 934 3956 digni
963 3887 1159 3938 censeantur.
1202 3877 1302 3959 Igitur

236 3969 332 4054 impii
354 3964 462 4032 bisin
485 3965 570 4030 Orco
590 3977 772 4040 moiuntur,
794 3974 955 4024 tumente
977 3964 1242 4026 resurrectionem
1271 3977 1302 4027 et

233 4048 389 4150 judicium
410 4053 489 4130 hoo,
511 4073 590 4139 quae
608 4071 695 4112 rnors
727 4051 812 4122 (cunr
839 4067 930 4110 ruore
959 4047 994 4108 in
1018 4041 1098 4108 Orco
1129 4070 1223 4118 rnors
1245 4051 1299 4128 sit)

71 4205 76 4210 ¹
226 4137 349 4220 primu
369 4138 503 4216 dicitur,
533 4139 685 4198 onrnibus'
703 4134 881 4200 communis
915 4132 1102 4204 hominibus
1124 4145 1157 4194 et
1177 4146 1212 4196 ut
1235 4137 1297 4198 rita
1367 4133 1368 4194 l

171 4237 175 4245 ,
1045 4229 1049 4239 ¹
1367 4221 1368 4244 l
