2848 4682
204 288 234 366 s
365 275 424 349 ne
444 275 563 389 torma
582 275 1128 399 hurifepistoticofsymboticaz

206 467 280 528 rnre
299 473 473 548 putarent„
492 472 583 530 vates
610 462 678 546 jam
698 483 767 528 non
788 460 944 530 lebovae'
958 431 1093 532 tantum*
1114 483 1213 550 opera
1243 465 1294 553 in
1402 527 1408 536 .

198 566 386 648 melonibus
406 565 456 635 uti
473 571 642 654 poterant,
663 569 753 652 cujus
775 569 846 658 ipsa
862 569 1015 652 ‘majestas
1042 577 1080 632 ut
1106 565 1223 630 brev-es
1246 580 1280 632 et

209 670 443 738 concissesint
461 671 602 742 visiones
622 673 783 758 postulats
816 675 882 739 sed·
900 695 1004 740 ιιιιιιιιι
1026 671 1181 760 pluresve
1201 671 1280 736 sub·
1311 754 1313 758 ι

20 775 25 790 “
91 839 93 846 ,
207 775 283 842 inde
304 777 435 864 angelos
456 774 585 865 fingunt
605 797 623 840 a
643 775 769 842 Jebova
789 779 904 844 missos
924 776 1032 846 lutura
1058 776 1119 842 sibi
1146 779 1286 864 aperire,¹
1352 854 1358 865 x

116 965 122 970 -
207 889 446 969 monstrare
479 893 512 944 et
542 880 723 968 explicares
750 881 835 946 *bino
866 881 947 946 dum
973 881 1013 946 ab
1044 883 1163 970 augelis
1183 884 1280 948 etiam

207 1008 268 1074 per
296 986 408 1074 plures
444 996 481 1050 ut
508 985 550 1050 ita
580 985 683 1074 dicam
716 1009 828 1052 scenas
842 993 844 998 ’
859 985 968 1076 futura
1005 995 1280 1072 repraesentantes

208 1090 389 1178 prophetae
416 1088 596 1173 ducuntur,
629 1092 724 1178 longa
751 1091 916 1157 visionum
948 1109 1150 1164 annexarum
1183 1090 1280 1162 series
1369 1137 1372 1150 .

127 1265 132 1268 ,
208 1194 309 1284 pandi
329 1205 455 1283 potest,
476 1194 568 1280 quale
586 1197 775 1284 exemplum
794 1199 936 1286 primus,
966 1205 1123 1282 quantum
1145 1216 1187 1258 ex
1207 1195 1281 1262 lite-

207 1321 323 1368 rarum
345 1289 558 1364 hebraearum
585 1298 775 1388 fragmentis
805 1299 897 1367 nobis
924 1297 1150 1388 superstitibus
1177 1301 1282 1419 colligi

209 1415 333 1492 potest,
350 1402 529 1476 Ezechiel
519 1425 554 1480 ιιι
576 1401 784 1471 describenda
803 1401 931 1485 futura,
955 1405 1100 1488 quatem
1102 1405 1205 1492 cupit,
1219 1405 1280 1476 ci-

209 1505 317 1588 vitatis
339 1506 531 1572 Israeliticae
550 1499 832 1574 restaurationec
849 1513 925 1582 40-
936 1513 980 1582 48
1000 1509 1150 1596 praeivit.
1192 1509 1280 1576 Οιιι-
1287 1539 1296 1562 ··

210 1611 289 1677 nino
322 1623 429 1674 autern
458 1610 519 1676 viis
545 1609 607 1678 dici
633 1624 757 1700 potest,
789 1599 946 1701 quantum
966 1616 1155 1700 angelorum
1176 1615 1282 1682 inter-

210 1718 330 1778 uentus
363 1712 531 1831 frequens,
565 1739 663 1804 quem
688 1717 826 1784 seriores
854 1713 1033 1805 prophetas
1060 1719 1124 1791 sibi
1155 1721 1282 1826 licitutn

209 1805 385 1906 putarunt,
412 1817 526 1906 poesin
557 1829 628 1884 tum
658 1823 782 1910 epico-
763 1821 1003 1920 -didacticam,
1042 1825 1131 1910 cnjus
1155 1816 1283 1912 insigne
1351 1899 1354 1906 ,

210 1917 399 2033 exemplum
434 1923 558 1990 Tobiae
587 1926 668 1996 liber
695 1941 761 2013 est,
793 1941 866 1998 tum
894 1928 1111 2017 prophetico·
1092 1929 1282 2018 -synrboli-

156 2073 159 2080 -
211 2049 282 2094 cem
279 2024 470 2111 adjuverit.

325 2245 356 2308 2·
384 2231 596 2322 Antiquiores
633 2241 813 2331 prophetae
847 2241 1042 2329 symbolicas
1076 2240 1217 2314 visiones
1235 2219 1297 2313 lct',

209 2339 320 2408 rarius
334 2352 367 2404 et
388 2360 457 2406 non
477 2341 538 2406 nisi
559 2347 710 2412 orationis
732 2371 807 2415 snae
838 2346 1043 2435 explicandae
1069 2367 1165 2408 causa
1189 2343 1284 2420 adbi-
1353 2399 1356 2404 .

141 2491 145 2502 .
211 2443 300 2510 bent.
340 2442 439 2512 Unde
458 2444 594 2520 seriores
615 2461 742 2518 tantum
762 2453 953 2534 deflectunt,
979 2464 1017 2518 ut
1037 2451 1182 2516 oratione
1202 2471 1295 2536 pro-2¹

209 2549 338 2635 phetica
365 2547 434 2614 lere
463 2552 581 2616 omissa
607 2549 791 2623 visionibus
815 2570 948 2627 tantum
984 2568 1130 2630 utantur.
1171 2555 1284 2621 Οιιιιι

211 2653 298 2732 enirn
327 2639 505 2739 prophetae
532 2671 637 2746 neque
664 2663 801 2750 amplius
830 2665 914 2730 sicut
938 2662 1113 2748 antiquitus
1140 2659 1299 2733 solebant.

91 2765 98 2776 “
152 2815 158 2828 ,
199 2759 246 2834 in
267 2757 434 2846 publicum
455 2757 651 2846 prodeuntes
673 2768 831 2834 orationes
853 2769 1047 2848 recitarent,
1087 2785 1192 2849 neque
1211 2783 1285 2828 ser·

153 2895 155 2916 ·
203 2863 318 2943 „monis
354 2863 473 2950 poetici
514 2863 561 2930 vis
594 2877 627 2930 et
647 2882 797 2938 vornatus
826 2872 1000 2939 senioribus
1030 2879 1160 2957 praesto
1194 2879 1284 2947 esset,

218 2969 351 3034 evanuit
384 2968 480 3034 etiam
514 2970 678 3054 paullatim
700 2976 881 3040 orationum
901 2975 990 3060 quasi
1013 2972 1142 3059 publice
1160 2970 1295 3042 habitae,

213 3085 322 3144 essent
344 3071 650 3145 conscribendarum
672 3101 760 3160 mos,
790 3080 961 3155 substituta
990 3079 1153 3146 visionum
1171 3074 1286 3155 torma,

211 3201 294 3265 quae
328 3199 396 3244 non
432 3184 501 3242 tam
533 3165 713 3252 verboruni
745 3199 860 3252 ornatu
894 3195 927 3250 et
959 3183 1105 3272 pondere
1137 3187 1288 3268 (possunt

115 3279 121 3288 ’
212 3284 299 3348 enim
329 3287 481 3348 sermone
499 3285 577 3352 'fere
604 3290 746 3377 pedestri
767 3285 947 3369 conscribi)
980 3309 1077 3374 quam
1107 3286 1287 3371 imaginum

116 3394 119 3402 ’
213 3395 450 3486 narrandarum
489 3405 523 3462 et
554 3393 783 3484 symbolorum
814 3415 979 3460 novorum
1012 3403 1045 3456 et
1082 3387 1287 3467 mirabilium,

145 3503 147 3508 ’
212 3503 401 3589 angelorum
423 3499 561 3586 denique
581 3511 625 3596 'et
652 3499 786 3564 aliarum
817 3497 1004 3564 coelestium
1024 3507 1212 3560 naturarum
1232 3492 1287 3558 in·

213 3617 370 3700 terrentu
389 3619 423 3672 ct
443 3600 648 3670 sermonibus
667 3604 826 3670 lectorum
848 3603 973 3681 animos
993 3600 1184 3689 percellunt.

325 3824 358 3886 3.
380 3812 457 3902 *Qui
476 3809 549 3877 libri
571 3809 668 3894 hujus
689 3810 816 3894 generis
835 3808 912 3874 inde
940 3829 959 3872 a
979 3803 1175 3882 Danielis
1202 3801 1291 3870 lium

212 3941 315 4006 usque
348 3919 387 3984 ad
420 3915 599 3984 secundum
633 3913 704 3980 fere
732 3935 773 4004 p.
801 3914 862 3978 Cb.
889 3913 1033 3978 seculum
1060 3909 1174 3996 scripti
1202 3917 1289 3986 sunt,

213 4023 542 4109 singularem'rcrum
565 4020 722 4110 symbolis
745 4029 926 4082 notatarum
948 4017 1181 4082 obscuritatem
1210 4035 1289 4100 prae

215 4134 254 4194 'se
271 4129 389 4196 serunt.
412 4155 419 4185 ·.
439 4125 582 4194 Postulat
601 4126 689 4192 enim
710 4124 780 4216 ipsa
801 4125 963 4198 visionum
985 4127 1055 4208 tex,
1075 4136 1116 4190 ut.
1133 4145 1185 4188 res
1205 4122 1291 4214 ima7
