2840 4690
135 308 140 318 ’
240 321 315 400 134
494 314 537 386 11.
558 259 734 384 vasone.
789 327 821 394 1.
832 289 928 410 ,cap
956 325 993 404 4,
1019 327 1051 394 1.

199 551 201 560 ,
243 499 353 586 Quare
387 519 448 562 usu
475 495 630 582 loquendi
658 515 676 557 e
704 491 898 570 Graecorum
930 495 996 560 diis
1014 503 1057 560 'et
1083 495 1238 562 heroibus
1259 497 1325 562 dess

243 598 349 664 statuto
367 583 480 648 'Patres
499 581 667 648 Christum
688 571 881 662 σύνθρονον
902 577 952 668 (ut
970 583 1130 668 sapientia
1146 585 1212 651 τῶν
1230 584 1323 651 θεοῦ

146 729 173 740 ,,
243 663 379 758 θρόνων
399 667 561 755 πορέδρος
581 665 666 729 dicta
686 665 753 728 e'rat
774 667 849 752 Sap.
872 666 936 730 Sal.
952 677 984 744 9,
1000 663 1046 752 4.)
1069 680 1101 730 et
1118 670 1193 756 pios
1211 670 1325 761 παρέ·

128 819 134 834 ,
230 757 344 844 'dauco
364 756 529 843 appellant
549 747 592 816 cf.
614 751 750 816 Sutura.
771 753 855 818 thes.
877 755 952 816 eccl.
971 751 1014 818 Π.
1037 758 1139 826 1164.’
1403 779 1404 836 3

245 959 426 1040 nortus
450 943 708 1036 vrstortuu'
736 912 922 1038 sentus.
964 963 1106 1064 caps,
1126 939 1262 1046 1—2'2.
1285 969 1324 1044 5.

329 1090 412 1168 Post,
425 1092 580 1176 epistolas
599 1093 658 1156 has
678 1090 812 1177 scriptas
833 1092 995 1155 evanescit
1012 1089 1164 1164 Messias,
1193 1099 1226 1152 et
1246 1109 1325 1151 cum

247 1173 413 1242 lohannes.
431 1179 491 1241 vix
513 1177 577 1240 sihi
596 1173 739 1242 redditus
760 1187 861 1253 esset,
880 1197 967 1240 nova
987 1176 1112 1240 orditur
1128 1174 1216 1238 visio
1240 1193 1325 1260 quae
1404 1224 1405 1260 ,

129 1291 135 1310 =
249 1261 401 1349 deinceps
429 1262 467 1327 ad
488 1263 588 1328 finem
609 1283 711 1350 usque
732 1271 785 1336 22,
808 1269 841 1330 5.
862 1262 1007 1348 pluribus
1032 1261 1214 1331 visionibus
1235 1270 1326 1322 arcte
1404 1275 1405 1324 1

131 1401 138 1420 ,
249 1367 321 1410 curn
334 1347 393 1414 hac
404 1342 581 1443 conjunctis
592 1347 806 1412 continuatur.
847 1345 1100 1411 Durnonstranda
1116 1357 1184 1408 erat
1201 1339 1325 1421 futura,

130 1477 132 1494 .
211 1421 224 1518 ’ἱ
250 1453 344 1518 quam
366 1453 494 1518 sperare
514 1441 648 1519 possent
668 1419 846 1496 Christiani
864 1433 940 1508 fidi,
959 1429 1327 1520 prosperitas3‚uividis

139 1535 142 1538 ·
249 1519 413 1580 coloribus
440 1518 642 1604 depingenda
658 1527 760 1580 'erant
779 1528 954 1601 martyrum
976 1519 1119 1604 praemia
1140 1514 1326 1602 splendida,

251 1601 409 1665 adventus
429 1601 551 1667 Christi
579 1605 614 1668 in
640 1613 758 1666 terram
778 1613 847 1666 tum
867 1603 906 1668 ad
928 1603 1002 1689 pios
1024 1614 1181 1691 quotquot
1197 1604 1235 1664 in
1255 1601 1325 1664 fide

250 1690 485 1776 perrnanserint
517 1688 691 1754 servandos
718 1699 788 1751 tum
817 1687 855 1750 ad
877 1691 1133 1774 impios'orunes
1153 1699 1185 1750 et
1204 1687 1326 1749 inimi-

101 1805 106 1820 «
141 1825 143 1833 2
226 1787 306 1864 Icus
328 1775 376 1838 rei
397 1775 600 1852 christianae,
610 1772 792 1838 utRotnarn
814 1785 846 1836 et
857 1771 1073 1860 Imperatores
1087 1767 1168 1872 ejus,
1178 1773 1325 1860 perden-

250 1855 330 1933 dos,
358 1861 489 1944 penitus
515 1858 753 1926 exscindendos
776 1853 883 1948 inque'
896 1871 1060 1924 aeternum
1083 1881 1101 1922 a
1121 1859 1186 1946 piis
1210 1880 1326 1938 segre-

190 2005 192 2009 .
239 1943 391 2021 *gaudeat
434 1947 526 2027 regni
559 1944 698 2032 denique
732 1946 881 2008 coelestis
912 1947 988 2034 pios
1021 1947 1147 2008 boantis
1175 1945 1324 2008 initium.
1405 2005 1406 2008 ,

249 2026 342 2110 Quae
365 2028 494 2116 quidem
524 2033 631 2095 omnia
659 2048 732 2094 cum
751 2030 917 2094 lohannes
945 2032 1035 2120 quasi
1064 2052 1171 2093 coram
1198 2030 1326 2104 viderit

181 2181 183 2194 .
250 2105 427 2198 describat,
460 2137 495 2178 se
522 2111 711 2182 incoelum
738 2127 866 2203 raptum
886 2118 1000 2196 fingit,
1031 2116 1086 2178 ubi
1117 2115 1197 2180 deus
1230 2113 1325 2178 adest

252 2201 361 2262 arnaria
381 2204 579 2280 gubernansr
598 2200 733 2266 Messias
752 2223 901 2278 suorum,
924 2204 980 2290 qui
1000 2201 1059 2264 fidi
1078 2212 1220 2280 marrent,
1241 2223 1326 2287 pru-

249 2285 353 2370 pitius
388 2307 424 2349 ao
441 2297 572 2372 potens
590 2281 746 2384 adjutor,
776 2298 933 2367 martyres
962 2309 1100 2376 quorum
1128 2289 1218 2350 beata
1247 2307 1325 2349 sors

248 2370 461 2454 praedicenda
490 2383 539 2436 est
564 2367 633 2459 pro'
654 2373 720 2459 piis
748 2372 935 2436 hominihus
962 2374 1125 2460 supplices
1152 2371 1325 2436 tendentes
1406 2379 1407 2382 ’

251 2457 392 2541 palmas,
427 2458 615 2536 attgelorum
640 2457 779 2543 denique
805 2469 949 2522 catervae
970 2459 1023 2520 dei
1043 2441 1129 2555 jussa
1147 2459 1326 2544 perficien-

249 2541 333 2604 tium
360 2553 392 2606 et
420 2540 563 2611 iohanni
583 2561 636 2606 res
655 2538 779 2605 futuras
798 2542 1100 2608 demonstrantium.
1160 2539 1214 2608 Ad
1242 2565 1326 2632 quae

250 2648 314 2716 quo
335 2627 453 2692 melius
472 2628 609 2692 lectores
630 2639 875 2714 praeparentur,
1291 2637 1309 2688 ,·

211 2723 216 2741 ’
295 2723 324 2780 1.
341 2709 491 2786 coelum,
510 2715 546 2777 in
566 2713 652 2802 quod
673 2735 708 2778 se
720 2715 908 2778 translatum
930 2711 1046 2791 sentit,
1068 2709 1238 2798 splendide
1254 2709 1326 2774 de-

244 2791 372 2869 scribit
393 2795 427 2860 C.'
437 2795 501 2862 IV.
520 2810 557 2863 ut
570 2799 778 2865 theatrumin
800 2822 864 2888 quo
885 2800 1024 2886 pluritna
1045 2795 1126 2885 quae
1150 2809 1326 2883 sequentur

79 2913 84 2920 ·
161 2906 167 2911 ·
248 2893 484 2964 repraesentata
504 2895 592 2949 suut.
632 2883 676 2950 Et
696 2907 760 2974 quo
778 2885 928 2967 grauiora
940 2885 976 2948 in
992 2884 1084 2948 coelo
1097 2883 1323 2958 decernuntur,

250 2967 350 3028 tutius
361 2988 477 3054 netnpe
491 2980 595 3048 terrae
606 2967 713 3036 sutura
728 2971 882 3048 conditio,
896 2992 935 3034 eo
948 2967 1150 3056 splendidius
1164 2979 1197 3030 et
1208 2969 1324 3030 solen·
1391 3035 1395 3044 .

249 3051 324 3114 ttius
349 3051 399 3117 eit
426 3055 653 3119 coelicolarum
685 3058 875 3132 concilium,
904 3077 943 3119 eu
973 3056 1190 3135 augustiorem
1211 3053 1323 3118 ornnia

250 3139 376 3221 spirant
402 3132 601 3232 majestatem
627 3153 661 3204 et
685 3144 910 3205 reverentiam.
966 3139 1130 3204 Praeclare
1157 3139 1258 3219 igitur
1285 3139 1323 3201 in

88 3289 90 3298 ¹
196 3297 202 3312 .
248 3221 420 3305 splendido
441 3225 505 3304 hoc
532 3227 759 3292 coelicolarum
775 3247 926 3290 corrsessu
949 3224 1065 3312 deique
1080 3245 1203 3294 sutmna
1217 3217 1323 3319 maje-

248 3317 330 3368 state
344 3307 550 3376 describenda
565 3311 687 3376 diutius
708 3323 852 3375 moratur
874 3323 981 3387 vates,
1001 3333 1065 3397 qno
1085 3312 1239 3374 attentius
1259 3330 1323 3372 ex-

248 3401 392 3477 spectent
412 3395 567 3474 lectores,
597 3397 674 3485 quid
695 3397 823 3462 tandem
843 3398 880 3462 in
900 3409 990 3460 tanto
1012 3407 1104 3460 coetu
1125 3393 1322 3464 decernatur.

334 3501 387 3566 V.
402 3518 434 3574 1.
454 3559 457 3566 ,
475 3506 610 3572 Coelum
628 3507 680 3572 dei
699 3501 935 3586 habitaculum,
957 3507 1042 3595 quod
1063 3509 1102 3569 ab
1122 3509 1251 3571 aethere
1266 3505 1321 3567 di-

180 3603 215 3630 ’ν
248 3605 378 3654 versum
406 3592 610 3679 clausumque
642 3594 816 3673 cogitatur,
852 3597 992 3658 seriores
1021 3593 1056 3655 si
1078 3592 1154 3678 quid
1182 3615 1201 3656 e
1227 3593 1320 3654 coelo

203 3743 207 3749 .
247 3671 421 3749 delabitur,
441 3699 508 3742 non
525 3691 647 3743 tanturn
659 3677 795 3766 operiri
813 3680 922 3744 dieunt
942 3674 1127 3765 (nhightl.
1146 3678 1185 3739 ad
1202 3677 1321 3738 lllatth.

247 3767 278 3832 a
303 3766 359 3834 16³
398 3757 473 3826 Aet.
496 3775 527 3841 7,
549 3771 601 3834 su.
630 3759 790 3848 ro‚.·11.)‚
824 3767 882 3829 ssa
905 3773 1032 3852 porra.
1060 3764 1158 3826 ettam
1185 3763 1322 3828 reseras

165 3897 193 3916 ,,
247 3843 375 3924 fingunt
394 3842 435 3908 cf.
456 3849 553 3938 irnpr.
580 3843 715 3934 Ascens.
735 3847 800 3914 Jes.
826 3857 910 3930 6,,6.
934 3861 984 3926 10,
1004 3853 1047 3920 24
1068 3870 1140 3936 sqq.
1171 3850 1322 3910 omnibus

244 3945 568 4034 praeivisse'tidetur
584 3951 767 4020 Ezechielis
787 3952 920 4033 mitis]
936 3953 1055 4040 ltthhg
1077 3961 1107 4028 1,
1122 3962 1153 4022 1.
1168 3949 1212 4022 de
1228 3942 1323 4036 φωνὴ

248 4023 433 4122 ,σάλπιγγος
447 4039 546 4126 urat
570 4052 598 4117 1,
620 4052 674 4112 10.
701 4029 816 4122 οἷνοὶβα
838 4019 899 4104 dds
921 4029 964 4100 cf.
987 4031 1038 4112 1'1,
1061 4047 1111 4107 12.
1134 4035 1174 4100 de
1195 4037 1238 4098 iis
1264 4037 1321 4120 qui

247 4118 284 4187 in
305 4121 432 4184 coelum
452 4124 631 4204 tolluntur3
653 4121 739 4212 quod
760 4121 923 4212 quomodo
944 4117 1064 4186 facturn
1085 4121 1147 4200 sit,
1175 4143 1216 4187 au
1238 4123 1323 4185 nube
