2848 4682
221 333 271 402 28
310 271 487 414 ¹'Enipeum
504 343 578 392 var.
596 320 639 388 rie
659 325 847 411 argumet
864 316 1018 408 integrit.
1036 285 1117 388 lib'ri
1137 317 1296 410 opinion.

166 545 186 629 Ιι
250 541 253 546 -
307 515 335 576 1ι
362 483 561 589 Inierpretes
582 503 658 566 satis
679 501 775 566 multi
795 513 828 566 et
849 521 974 588 sagaces
996 511 1107 566 vatem
1126 497 1298 570 ludaeis

161 642 169 729 Ι
219 629 341 698 poenas
362 611 523 674 minatum
553 629 621 672 esse
651 618 770 694 putant
791 605 832 687 1).
887 605 952 673 Cui
979 605 1157 670 sententiae
1188 607 1296 670 omnia
1346 650 1348 656 -

158 716 291 779 ¹‹libri
312 714 430 780 indicia
460 693 679 776 contradiunt.
728 713 818 776 Nam
842 717 876 791 1)
897 711 1130 799 Hierosolyma
1158 731 1232 814 per
1241 723 1297 777 iu-

145 793 160 893 l
218 831 293 882 tum
322 837 415 908 opus
427 837 496 880 non
525 816 754 882 evertenda
783 827 817 880 et
842 817 1078 903 vituperanda,
1111 829 1151 882 ut
1171 815 1298 897 vulunt'

220 925 275 988 sed
303 923 483 1002 laudanda,
513 921 690 1000 servanda,
723 921 838 986 favore
866 919 978 988 divino
1005 921 1102 1009 digna
1123 923 1295 990 sistuntur.

220 1031 308 1094 Cum
341 1028 492 1093 Christus
535 1049 553 1089 e
586 1025 730 1092 Danielis
767 1025 850 1090 libro
883 1038 956 1092 tum
992 1027 1127 1092 demum
1160 1030 1296 1094 meliora

218 1150 367 1227 tempora
398 1153 476 1198 cum
506 1131 645 1196 Messiae
675 1131 817 1196 adventu
845 1131 1004 1218 speranda
1030 1131 1179 1214 dixisset,
1216 1154 1300 1204 cum,

216 1246 302 1308 inter
317 1243 392 1307 alias
413 1237 606 1304 calamitates
619 1235 702 1310 H1ei
704 1238 882 1323 osolymaa
903 1237 1076 1325 gentilibus
1097 1249 1189 1326 capta
1206 1240 1295 1322 ²)et

216 1363 258 1435 pr
260 1339 387 1416 oseneia
407 1348 473 1411 sint
490 1344 607 1410 Matth.
624 1349 676 1426 24,
694 1351 745 1425 15,
766 1355 877 1408 auctor
896 1357 1007 1410 noster
1020 1345 1137 1410 urbem
1149 1358 1293 1412 sanctam

12 1483 16 1498 ·
55 1530 57 1542 Ι
158 1491 162 1496 .
214 1464 304 1516 ante
331 1449 452 1516 Christi
480 1451 658 1515 adventum
695 1439 852 1535 praedicit
891 1450 1022 1535 quidem
1054 1471 1084 1516 a
1121 1449 1297 1538 gentilibus

214 1571 348 1646 captum
370 1570 403 1622 et
423 1555 635 1644 profanatum
657 1555 698 1620 iri
720 1567 771 1634 11,
794 1567 824 1638 1,
842 1565 882 1646 23
907 1565 948 1618 'at
966 1556 1066 1641 ¹simul
1088 1572 1196 1643 sperat
1216 1569 1291 1644 post

214 1656 316 1725 breite
334 1670 467 1748 tempus
486 1662 607 1742 incolas
630 1663 700 1746 ejus
721 1659 877 1747 singulari
898 1659 1027 1744 divinae
1047 1663 1290 1748 potentiamdo-

212 1779 367 1832 cumento
394 1779 562 1854 permotos
591 1767 630 1831 acl
659 1785 780 1831 verum
812 1765 864 1832 dei
891 1769 1016 1841 cultum
1045 1781 1112 1832 seu
1125 1769 1166 1832 ad
1189 1769 1295 1837 Chri*

211 1874 350 1938 stianam
375 1873 569 1990 religionem
593 1891 792 1938 conversum
822 1869 861 1938 iri
892 1885 1015 1954 11,13,
1044 1874 1087 1938 ita
1115 1889 1151 1938 ut
1172 1877 1289 1942 ultimo
1351 1859 1354 1872 ¹
1420 1937 1421 1954 Ι

186 2009 191 2056 ¹,
213 1967 431 2046 calamitatum
462 1973 730 2066 gravissimarum
760 1986 910 2062 tempore
940 1980 1027 2042 salva
1055 1994 1184 2046 maneat
1208 1983 1288 2048 urbs

212 2098 323 2150 sancta
351 2096 454 2171 utque
485 2083 619 2148 Messias
653 2081 762 2146 sedux
791 2093 868 2166 post
896 2080 1001 2147 hostes
1030 2085 1148 2174 profli
1132 2100 1217 2153 catos
1243 2089 1288 2156 ibi

211 2213 353 2278 regnum
392 2190 526 2253 coeleste
565 2185 665 2250 ordiri
698 2197 795 2271 queat
825 2187 1148 2264 20,9.'1antum
1187 2195 1287 2282 igitur
1370 2210 1372 2218 ’
1420 2203 1421 2212 ’

210 2298 319 2376 abest,
340 2306 379 2359 ut
399 2293 630 2380 Hierosolyma
652 2303 765 2398 poetae
782 2289 895 2354 invisa
908 2291 965 2370 sit,
994 2305 1032 2359 ut
1052 2307 1125 2361 sani
1145 2321 1225 2366 mox
1246 2299 1296 2366 atl'
1327 2305 1329 2310 '
1356 2339 1365 2348 -
1419 2291 1421 2308 ⁴

123 2391 124 2400 ἵ
211 2401 334 2468 Christi
364 2421 454 2464 sacra
484 2403 717 2484 transgressam
753 2405 785 2460 et
815 2413 986 2480 nunquam
1018 2400 1080 2467 nisi
1108 2403 1143 2468 in
1171 2417 1287 2473 reruni

208 2505 361 2571 omnium
387 2501 453 2568 fine
473 2501 685 2568 evertendam
709 2499 860 2566 omnium
879 2502 1033 2568 urbium
1041 2522 1141 2595 caput
1164 2511 1288 2577 consti-

146 2657 150 2678 .
208 2621 280 2676 tuat
299 2605 520 2718 summum³)
523 2606 724 2692 .2)Quae
743 2617 857 2673 contra
876 2609 957 2675 urbs
971 2631 1122 2679 omnium
1141 2615 1309 2710 maxime,

168 2840 169 2846 ’
246 2847 277 2916 1)
301 2857 334 2898 ut
358 2842 575 2912 Harenberg
600 2843 759 2912 Erlrliirung
786 2845 836 2898 dei·
860 2843 973 2902 Offenb.
990 2847 1056 2904 Joh.
1081 2851 1162 2918 1759.
1177 2837 1284 2928 'impri-

281 2945 335 2992 mis
350 2937 489 2991 Herder
501 2935 664 3005 Maranatha
677 2943 758 2998 1779·
769 2947 797 2988 et
809 2935 837 2988 Η
844 2955 859 2988 a
868 2950 933 2992 rtw
941 2945 978 3009 ig
993 2941 1134 3021 Apologia
1145 2942 1195 2996 der
1204 2929 1284 3011 noo-

281 3031 397 3098 kalypss
421 3029 498 3110 UI-
512 3043 541 3094 p·
548 3031 583 3090 16
594 3041 653 3094 sqq.
678 3025 837 3080 Praeiverat
852 3029 1035 3083 Wctstcin
1052 3035 1125 3099 prol.
1143 3033 1285 3104 adApoc·

245 3161 273 3224 2)
292 3157 410 3216 etiams
426 3153 553 3218 ἐρημώσεως
569 3149 668 3203 Matth·
686 3155 730 3214 21,
748 3153 783 3209 15
805 3155 830 3204 si
847 3151 916 3204 loca
927 3153 1053 3208 Danielis
1070 3163 1097 3224 9,
1114 3164 1221 3219 2711,
1240 3166 1285 3222 31.

281 3256 393 3312 1211,
418 3244 491 3297 unde
508 3239 592 3296 verba
608 3241 707 3302 hausta
725 3252 805 3308 sunt,
831 3259 1037 3313 comparamus,
1065 3265 1123 3304 non
1141 3261 1197 3311 tam
1214 3251 1284 3306 Hie-

279 3341 422 3406 rosolyma
445 3350 563 3405 prorsus
588 3349 716 3386 euersum
743 3343 771 3386 ct
800 3333 926 3390 dirutum
949 3341 987 3392 iri
1017 3336 1173 3406 significat,
1200 3337 1284 3410 quim

280 3430 380 3506 urbem
405 3446 422 3482 a
450 3423 602 3497 gentilibus
635 3435 748 3492 captum
780 3434 808 3478 et
833 3420 1007 3496 templum
1026 3415 1210 3486 ,devastatum
1237 3439 1283 3490 iri.
1376 3415 1380 3422 r

236 3547 239 3554 ·
278 3521 419 3590 Omnino,
445 3524 471 3572 si
494 3531 593 3572 aarum
610 3516 788 3586 indagamus,
814 3515 942 3578 Christus
967 3523 1164 3592 nunquamne
1188 3524 1283 3593 urhe,

280 3612 328 3666 sed
352 3612 386 3664 do
411 3611 548 3680 templo
572 3610 709 3664 diruendo
734 3605 846 3663 locutus
872 3621 922 3666 est.

244 3739 280 3809 3)
305 3753 396 3804 neque
420 3733 438 3787 J
445 3733 553 3790 odaei
573 3753 696 3805 unquam
719 3735 751 3789 in
775 3734 831 3788 linc
854 3735 929 3790 libro
946 3749 978 3790 ut
993 3741 1093 3806 poenis
1118 3737 1186 3794 diris
1204 3740 1283 3809 digni

188 3820 198 3833 ’
278 3827 488 3890 describuntur3
505 3845 673 3897 quamquam
690 3830 807 3881 enimin
824 3830 1283 3899 epistolis·praernissisJudaci

278 3921 452 3974 Christianos
472 3929 602 3974 vexantes
621 3909 772 3990 carpuntur
788 3929 814 3987 2,
827 3928 853 3982 9·
871 3925 897 3978 3»
911 3927 938 3980 9.
956 3931 1049 3976 tamen
1066 3921 1169 3976 nullibi
1183 3923 1283 3977 Judaei

279 4025 387 4066 tantum
412 3996 436 4064 a¹
451 4012 555 4066 Massia
578 4013 679 4066 reduce
703 4012 838 4081 puniendi
855 4011 1002 4077 dicuntum
1028 4017 1087 4068 imo
1104 4027 1193 4072 uates,
1220 4017 1281 4081 ipsc

281 4082 298 4157 e
325 4103 438 4158 ludaeis
464 4102 498 4155 ad
522 4101 626 4154 Christi
645 4121 720 4156 sacra
745 4115 932 4173 transgressus
951 4115 978 4157 et
996 4109 1088 4174 gentis
1106 4121 1280 4158 suasamore

279 4207 306 4249 et
325 4195 514 4248 misericordia
532 4193 631 4246 ductus
651 4197 710 4262 pia,
735 4211 783 4248 eos
800 4195 832 4246 ad
850 4194 970 4270 Messias
985 4193 1143 4248 'doctrinam
1162 4213 1192 4250 se
1212 4211 1280 4250 con-

266 4479 279 4510 Χ
