2802 4684
154 289 157 303 *
256 305 332 388 236
381 305 425 376 Π.
451 303 627 391 Visiones.
661 305 723 378 111.
745 319 778 388 2.
815 301 857 376 A.
876 327 907 374 α.
926 305 1059 403 &Cap
1087 318 1147 396 13,
1174 317 1232 390 18.

253 502 413 574 praestare
432 489 582 566 v'ideturr
602 490 809 579 nequeenim
822 510 904 554 voce
923 483 1035 575 iiente
1056 482 1095 556 rii
1115 484 1231 572 ὄνομα
1252 511 1342 574 opus

254 580 330 651 est).
373 572 412 638 Id
434 577 520 662 quod
548 567 609 640 'ern
629 579 843 664 expliciturus
865 586 956 642 veles
985 578 1029 638 ι’
1045 586 1085 646 18
1114 577 1258 660 pergitz.
1278 574 1343 642 ὡδε

254 651 277 746 ἡ
298 657 399 744 σοφία
421 661 511 728 ἐστίν
531 595 588 726 iic
610 672 662 726 est
683 654 945 750 sapientia,'en
966 657 1202 746 sapientiam!
1232 681 1341 724 sensu

214 821 215 828 ἵ
253 765 329 810 uem
354 748 610 826 ecebbelistico,
637 769 699 844 quc
722 743 951 832 sapientie-est
970 741 1163 830 sapienter,
1194 747 1339 810 subtili-

181 891 185 905 ,
252 839 303 894 ter
324 768 458 895 ‹iictum
477 831 648 920 prudenti
674 841 818 898 rantum
841 825 1126 918 perspiciendam
1155 824 1279 909 0617,
1308 843 1341 906 9·

251 922 405 1026 (centensi
429 933 584 998 Rebbinis
605 937 725 1014 simili,
743 957 812 999 non
832 935 947 1016 eodem
974 953 1070 998 sensu
1097 945 1130 997 et
1151 949 1256 998 nexu‘
1269 936 1340 998 dici

251 1043 294 1085 ex
308 1003 420 1087 'Sohei
446 1017 606 1086 chedesch
635 1017 660 1085 f.
679 1029 783 1098 40,3
816 1017 1052 1107 demonstravit
1081 1018 1227 1102 Schir'ttg.
1252 1023 1341 1087 hor.

150 1151 152 1163 .
250 1108 341 1170 hebr.
363 1130 397 1194 p.
420 1103 540 1190 1124),
572 1105 634 1194 qui
660 1104 788 1173 subtile
807 1101 910 1170 tabet
930 1101 1114 1189 ingenium
1142 1099 1217 1190 (τὸν
1245 1107 1340 1189 νοῦν

276 1193 453 1257 rudentiaru
476 1213 520 1255 sc.
541 1191 604 1256 hoc
625 1193 745 1272 subtile
766 1191 887 1254 dictum
908 1187 1113 1264 enucleandi‚
1144 1192 1231 1254 mele
1257 1196 1339 1280 qui-

250 1215 323 1341 iam
343 1271 404 1346 τὸν
423 1279 592 1356 omittunt)
612 1285 787 1364 computet
810 1296 994 1340 numerum
1027 1270 1162 1338 belluae
1179 1278 1203 1340 i.
1225 1299 1261 1342 e.
1286 1281 1339 1340 si-

250 1376 303 1428 cut
320 1383 363 1428 ex
384 1365 547 1452 prioribus
569 1375 712 1450 apparet,
731 1361 945 1446 computando
961 1358 1071 1424 videet
1090 1362 1183 1446 quale
1203 1385 1338 1429 nomeu

248 1449 377 1513 numeri
404 1447 595 1538 compendio
614 1469 802 1534 expressum
823 1441 898 1531 sit);
921 1465 1005 1508 nam
1024 1465 1190 1510 numerus
1210 1445 1336 1511 leomi-

248 1532 305 1597 nis
327 1542 379 1596 est
401 1535 424 1598 i.
446 1555 475 1598 e.
498 1556 573 1598 nem
594 1534 681 1598 haud
710 1529 805 1596 facile
832 1542 933 1607 erret,
966 1531 997 1592 si
1024 1530 1061 1594 in
1090 1530 1154 1592 hoc
1186 1555 1334 1598 numero

248 1615 398 1682 hominis
418 1641 539 1684 nomen
559 1621 659 1684 latere
679 1619 896 1704 reputaverit,
916 1636 1037 1682 nornen
1054 1616 1158 1696 igitur
1178 1639 1253 1682 non
1277 1643 1334 1683 re-

247 1714 375 1766 motum
393 1689 426 1768 e't
447 1705 577 1769 homiui
594 1705 793 1790 computenti
816 1701 903 1768 haud
922 1701 1171 1788 assequendum,
1197 1716 1238 1769 ut
1260 1727 1334 1770 non

134 1847 140 1860 ,
244 1789 370 1852 belluae
394 1791 613 1868 daemonisve,
635 1789 691 1856 sed
712 1791 857 1853 vicinum
876 1799 1027 1874 cauteque
1045 1786 1330 1876 circumspicienti

242 1874 477 1941 inveniendum
497 1876 656 1963 (locorum
676 1886 728 1954 21,
750 1884 802 1947 17.
823 1874 888 1939 Jes.
909 1886 940 1950 8,
966 1885 996 1944 1.
1017 1871 1099 1934 Hah.
1120 1884 1150 1950 2,
1167 1886 1188 1946 2
1208 1879 1329 1962 paullo

243 1961 308 2024 elia
326 1974 375 2025 est
394 1966 496 2042 ratio,
527 1964 746 2052 nequeenim
774 1961 853 2036 haec
881 1961 978 2024 verbe
1005 1959 1068 2022 sibi
1097 1959 1161 2024 hoc
1194 1971 1327 2048 teritum

243 2047 378 2110 volunt:
400 2069 565 2112 nanterus
585 2045 766 2134 vulgaris,
792 2069 860 2109 non
886 2043 1012 2126 angeli,
1033 2048 1108 2120 est).
1157 2042 1230 2128 Qui
1268 2070 1327 2111 eu-

147 2205 152 2212 ·
242 2143 310 2196 tem
331 2131 477 2196 hominis
497 2128 595 2229 hujus
615 2153 770 2196 numerus
789 2131 964 2206 iudicetur,
997 2130 1029 2192 is
1058 2123 1227 2226 cujusnam
1267 2156 1327 2213 ge-

241 2219 331 2281 neris
351 2241 472 2283 nornen
493 2241 511 2282 e
530 2221 615 2282 vetis
634 2219 737 2282 menti
754 2219 915 2282 contineat
930 2217 1017 2280 dictu
1038 2226 1088 2279 est
1107 2217 1186 2280 setis
1202 2215 1325 2296 fecile3

215 2301 220 2308 ’
241 2325 318 2368 narn
338 2301 571 2390 Imperatorem
591 2305 774 2368 Romanurn
793 2303 848 2368 vel
869 2303 1031 2368 Neronem
1052 2313 1162 2368 vetem
1181 2307 1323 2370 nomine

241 2391 351 2475 ulique
374 2392 554 2472 significare
576 2393 723 2456 voluisse
744 2411 787 2455 ex
807 2401 877 2452 tcto
901 2409 999 2476 opere
1021 2399 1113 2476 etque
1144 2389 1219 2454 loco
1254 2393 1323 2454 im-

191 2533 193 2538 .
225 2477 359 2560 primis
382 2487 441 2552 17,
461 2488 566 2546 8-11
591 2477 669 2540 edeo
692 2470 742 2542 est
762 2475 939 2541 dilucidum
959 2485 995 2538 ut
1014 2494 1112 2538 uerno
1134 2473 1175 2538 de
1195 2497 1237 2542 eo
1253 2479 1323 2540 nisi

263 2561 298 2622 ui
320 2562 459 2642 vestigia
486 2573 595 2646 aperta
623 2563 730 2642 legere
761 2561 914 2628 detrectet
936 2557 1080 2624 dubitare
1102 2572 1207 2644 queat.
1256 2564 1320 2628 Sed

240 2581 414 2718 iifficilius
427 2656 476 2711 est
495 2645 679 2734 singulum
697 2647 818 2714 riomen
840 2646 925 2738 quod
953 2659 1044 2710 vetes
1073 2666 1208 2712 numero
1239 2648 1320 2713 huic

238 2733 434 2818 respondere
463 2731 545 2796 velit
576 2745 687 2819 aptum
712 2757 844 2822 prorsus
871 2745 905 2798 et
925 2731 1101 2804 dilucidum
1121 2733 1318 2818 circumspi-

238 2838 328 2894 cere3
347 2839 422 2882 nem
443 2818 562 2906 partim
590 2820 687 2882 lectio
709 2824 796 2894 inter
817 2829 880 2893 666
902 2831 935 2882 et
955 2825 1018 2888 616
1042 2818 1163 2894 veriet,
1191 2822 1318 2904 partim

237 2914 347 2966 utrum
368 2917 458 2966 vetes
479 2917 665 2990 computum
679 2928 722 2971 ex
737 2909 903 2972 literarum
916 2925 1099 2986 graecarum
1120 2925 1160 2968 en
1173 2904 1314 2968 hebrae·

238 3009 328 3051 erum
361 2991 473 3052 velere
507 2991 586 3054 iniri
617 2993 760 3056 voluerit
791 3003 987 3080 nonpetet,
1028 2993 1147 3074 partim
1176 2994 1317 3054 nomina

236 3076 334 3138 etiem
354 3077 469 3162 quibus
489 3088 580 3138 vetes
604 3077 766 3144 Neronem
784 3079 952 3158 designare
972 3079 1123 3164 potuerit.
1142 3078 1235 3141 varia
1257 3100 1316 3150 co-

235 3161 332 3240 gitari
352 3171 499 3245 possunt.
542 3159 698 3228 Omnibus
720 3177 827 3228 temen
848 3167 910 3228 rite
932 3163 1120 3248 ponderetis
1153 3165 1193 3228 de
1230 3162 1314 3226 dua-

234 3247 294 3307 bus
306 3257 431 3310 tanturn
443 3247 612 3312 divinandi
627 3253 805 3314 rationibus
818 3249 992 3336 disceptari
1014 3251 1197 3338 ambigique
1213 3271 1314 3334 posse

235 3331 317 3394 vidi.
359 3331 396 3393 Si
417 3334 505 3396 enim
525 3355 678 3404 numerus
699 3343 756 3427 χξσ
774 3337 793 3400 'e
810 3343 885 3398 vera
907 3347 955 3399 est
975 3335 1125 3412 lectione,
1147 3335 1312 3400 seleheec

157 3439 162 3454 ¹
221 3421 306 3502 'epra
328 3417 420 3480 venit
437 3419 671 3505 interpretandi
692 3426 793 3500 ratio,
814 3433 851 3483 ut
870 3431 980 3485 vetem
998 3443 1119 3500 nomen
1139 3423 1312 3493 Λατεῐνος

233 3501 381 3564 innuisse
403 3515 551 3587 putemus
577 3507 615 3583 (i.
637 3529 666 3570 e.
694 3519 746 3583 30,
770 3520 798 3584 1,
818 3518 893 3584 300,
911 3518 942 3581 5,
968 3519 1016 3582 10,
1040 3519 1092 3582 50,
1112 3516 1164 3584 70,
1186 3519 1310 3580 200:

232 3585 327 3672 6603
349 3608 482 3674 esseque
504 3610 575 3674 eam
595 3599 673 3656 satis
694 3595 873 3680 antiquam,
907 3604 992 3656 certe
1013 3611 1093 3679 quae
1109 3597 1217 3656 seculo
1239 3587 1307 3687 jam

232 3673 369 3736 secundo
392 3675 545 3750 viguerit,
561 3693 604 3740 'ex
617 3675 703 3742 Iren.
725 3680 799 3742 adv.
819 3681 908 3742 haer.
929 3689 960 3753 5,
974 3689 1018 3750 30
1039 3691 1181 3764 apparet,
1204 3701 1309 3766 quan-

153 3757 156 3764 ’
231 3777 326 3845 quern
347 3758 401 3822 hic
424 3757 557 3840 Romae
580 3761 876 3852 Imperatorumque
896 3775 984 3827 metu
1006 3763 1119 3827 duetus
1140 3765 1213 3852 ipse
1236 3785 1307 3828 earu

229 3847 401 3930 improbet.
446 3844 498 3906 sic
517 3867 636 3912 nomen
659 3851 739 3930 hoc,
772 3873 834 3938 quo
867 3873 934 3912 non
964 3851 1042 3912 setis
1075 3847 1185 3938 aperto
1218 3849 1305 3912 Nero
1374 3859 1375 3862 ’

228 3928 449 4014 Imperatorve
482 3927 646 3998 Romenus
669 3929 874 4018 ¹significatus
896 3938 955 4012 sit,
988 3947 1078 4000 vates
1109 3937 1231 4020 partim
1265 3937 1305 3995 ob

229 4017 472 4096 ambiguitatem.
492 4021 650 4102 quandem
671 4025 788 4107 partim
812 4023 852 4083 ob
872 4043 1040 4097 numerum
1091 4025 1126 4084 ui
1153 4019 1231 4084 inde
1254 4015 1305 4081 ef-

228 4103 334 4166 ficitur
353 4102 527 4164 rotundum
548 4107 686 4186 elegisse
702 4107 868 4193 ,putandus
890 4119 985 4171 esset.
1029 4045 1093 4170 Sei
1118 4108 1147 4169 si
1169 4108 1303 4168 alteram

227 4187 400 4249 lectionem
420 4209 472 4275 χισ
493 4185 715 4274 praeferimus,
735 4213 939 4257 uulnerume
961 4194 1127 4256 literarum
1146 4195 1303 4256 hebraee-
