2802 4684
153 339 157 346 ,
223 277 299 348 202
400 266 444 336 11.
469 263 643 336 visiones.
683 267 736 336 ιι.
756 278 794 348 3.,
838 249 927 364 bap.
955 255 1014 359 11,
1037 265 1175 351 627„x

224 469 338 528 omnes
359 461 465 514 tanen
484 452 643 516 sermonis
664 447 785 521 fervidi
805 452 841 516 vi
861 472 917 514 eos
937 470 1048 516 arcere.
1063 449 1239 536 potuisse,
1255 469 1309 511 ex

154 581 157 588 -
224 556 257 598 v.
274 544 307 604 7.
327 547 470 621 appare-t.
519 535 729 624 Similemque
751 539 925 618 imaginem
944 540 981 601 in
1000 544 1091 623 equis
1113 547 1143 613 9,
1166 545 1219 604 17.
1245 544 1307 604 18.

226 632 316 684 vates
351 621 579 686 delineaverat.
642 623 701 690 Cui
729 627 940 704 gravissimae
974 621 1110 704 imagini
1147 622 1310 682 lubenter
1339 668 1342 684 .

179 780 182 788 ι
226 707 417 780 immoratur
443 720 549 784 vates,
579 711 771 793 sententiam
800 712 941 772 maxima
957 711 996 770 vi
1021 709 1129 770 verbis
1147 705 1310 791 repetitis
1382 723 1383 746 ι

228 791 402 877 eloqueus3
424 789 508 860 οὕτω
531 792 580 858 det
598 792 649 858 sic
671 794 744 881 (hac
764 799 838 880 ipse
856 795 1089 876 iguisflmmna
1106 785 1310 874 devorante)

170 907 172 912 ¹
227 888 264 938 ut
284 872 496 956 interficiatur
519 897 648 942 necesse
671 892 730 943 est.
790 880 852 944 Pro
879 884 909 946 εἰ
928 879 1016 966 θέλῃ
1036 875 1309 942 meliusdictum

228 955 346 1038 fuisset
366 956 426 1029 ἐὰν
442 962 531 1052 θέλῃ
542 963 642 1030 ‘velet’
661 966 766 1042 θέλει,
784 951 1175 1053 ,quodposteriusGriesb
1186 962 1308 1032 nescio

228 1051 379 1114 allabens
408 1047 445 1111 in
465 1048 543 1112 edit.
562 1070 624 1112 sec.
645 1052 813 1136 receperit.
839 1085 882 1100 -
926 1051 972 1114 V.
987 1060 1019 1123 6.
1054 1048 1142 1114 Aliis
1171 1067 1311 1134 quoque

224 1135 400 1222 potestatis
421 1131 552 1198 divinae
572 1129 676 1216 signis
695 1149 729 1198 et
746 1137 861 1222 poenis
878 1139 990 1203 ¹verbis
1011 1137 1079 1198 suis
1098 1136 1168 1198 vim
1183 1132 1311 1194 addere
1331 1165 1334 1174 ·

208 1252 217 1271 ··
228 1231 383 1306 pessunt,
403 1231 440 1280 ut
457 1221 603 1305 pluviam
623 1222 660 1290 in
680 1224 889 1302 agriculturae
906 1224 1139 1306 hominumque
1153 1219 1310 1282 omnium

200 1304 351 1390 'noxam
370 1325 502 1386 gravem
522 1305 650 1368 diutius
667 1309 833 1384 cohibere,
854 1306 889 1370 id
909 1310 994 1393 quod
1008 1307 1099 1370 Elias
1122 1305 1312 1390 antiquitus

129 1407 134 1424 ¹
211 1409 354 1536 -poenae
375 1391 517 1454 meritae
542 1385 730 1456 hominibus
759 1392 945 1473 irrogandas
966 1413 1074 1458 caussa
1093 1395 1310 1453 comunissum

237 1488 333 1546 aertur
354 1475 464 1562 tReg.
488 1485 528 1548 17
537 1521 547 1552 ,
570 1487 599 1544 1.
634 1477 698 1540 Sir.
729 1478 792 1556 48,
819 1489 851 1548 2.
880 1477 1070 1556 Jac.·5,17.
1115 1472 1310 1540 ‘Claudere

208 1561 356 1637 uictum
385 1563 512 1624 coelum
533 1561 597 1622 dici
618 1561 728 1647 potuit
748 1563 835 1648 quod
857 1565 948 1626 coelo
974 1561 1134 1628 foramina
1154 1571 1187 1623 et
1206 1554 1310 1622 sene-

230 1657 314 1708 stras
343 1639 490 1731 pluviam
526 1649 709 1710 emittentes
738 1641 911 1734 antiquitas
945 1651 1060 1714 tribuit
1086 1643 1308 1721 Gen-7,11;

230 1731 318 1816 unde
337 1729 464 1800 clauim
483 1731 615 1818 pluviae
638 1734 775 1796 seriores
789 1735 936 1812 ,finxerm
957 1735 1048 1798 mad
1067 1741 1164 1808 1,17.
1184 1753 1218 1816 p·
1228 1739 1306 1800 103·

171 1879 173 1888 ,
231 1813 282 1880 De
313 1819 490 1886 accusativo
520 1811 581 1891 coir
607 1809 761 1904 ppt-'pocy
780 1823 832 1882 cui
860 1820 957 1882 multi
986 1819 1161 1886 lectionem
1189 1835 1305 1896 graece

144 1897 146 1907 ’
232 1903 404 1967 meliorem
424 1905 460 1971 ἐι
480 1894 621 1989 ἡμέραις
642 1907 893 1986 substituerunt,
912 1928 946 1967 v.
966 1929 999 1992 p.
1011 1913 1063 1978 42.
1105 1898 1304 1964 Porro-Mo-

176 2018 178 2022 ·
233 1991 280 2051 sis
308 1989 411 2050 instar
437 1985 760 2076 (Exod..7,1sqq.)
791 2010 886 2076 aquas
904 1992 945 2054 sin
961 1988 1156 2072 ,sanguinem
1175 1997 1305 2050 vertere

233 2067 289 2162 (cf.
313 2095 410 2159 supra
429 2085 460 2149 8,
480 2070 527 2157 8.)
553 2074 597 2136 iis
628 2073 737 2138 datum
762 2087 813 2138 ast
841 2077 1039 2163 oinrrinoqne
1069 2075 1099 2138 si
1128 2072 1304 2135 necessitas
1380 2067 1381 2074 '

163 2188 165 2192 ·
231 2161 352 2238 urserit
372 2160 480 2221 verbis
502 2161 570 2222 suis
589 2180 766 2244 poenarum
787 2162 857 2222 vim
877 2156 1068 2258 adjungere,
1102 2157 1214 2222 oannes
1235 2169 1306 2218 ter-

231 2285 286 2327 rae
297 2263 467 2326 hominum
478 2263 644 2326 innexam
658 2265 806 2344 infligere
821 2257 1020 2344 (πατάσσειν
1039 2262 1118 2350 ΰξιἿ,
1140 2275 1177 2324 ut
1194 2252 1306 2346 πλήσ-

203 2379 205 2387 >
233 2371 306 2416 osto
323 2360 355 2425 8,
378 2353 444 2426 12.)
464 2349 574 2433 plagas
597 2350 711 2436 quibus
724 2350 848 2427 Moses,
869 2349 958 2414 Elias
981 2351 1101 2436 aliique
1123 2351 1203 2412 olim
1223 2369 1304 2433 pro-

232 2436 351 2522 phetae
375 2435 560 2512 gravissimi
577 2438 627 2496 uti
647 2447 807 2520 poterant.
827 2469 871 2482 -··
900 2433 946 2498 V.
961 2433 993 2506 7'.
1022 2436 1086 2497 Sed
1101 2437 1196 2499 sinito
1219 2447 1306 2495 tem-

200 2589 210 2601 ,
259 2519 327 2582 oris
359 2517 486 2580 definiti
514 2541 547 2581 v.
568 2529 600 2590 2.
618 2528 651 2592 3.
685 2523 790 2606 spatio
821 2521 877 2582 ubi
907 2523 985 2586 satis
1007 2520 1072 2582 ‘diu
1105 2519 1211 2582 officio
1243 2541 1303 2580 suo

233 2541 340 2668 iuncti
353 2615 457 2666 xerunt
484 2602 605 2681 (τελεῖν
624 2596 688 2689 τηίι
708 2606 898 2693 μαρτυρίαν
920 2603 1075 2670 testandi
1096 2601 1305 2690 docendique
1382 2663 1383 2666 ,

235 2687 388 2777 officium
412 2683 599 2774 perficere,
637 2692 748 2768 finire,
786 2703 936 2776 tempore
964 2691 1159 2777 praescripto
1190 2691 1303 2774 elapso
1382 2693 1383 2736 ἶ

138 2788 144 2826 ἵ
238 2777 319 2838 satis
340 2772 523 2862 docuisse),
542 2775 628 2837 hunc
650 2778 852 2864 oratiorium,
871 2777 1108 2852 hortationum,
1136 2775 1304 2848 minarum,

146 2896 148 2904 ‚
203 2863 446 2944 daborumque
476 2859 623 2924 'omnium
651 2857 789 2925 fructum
821 2857 948 2940 serunt,
988 2871 1025 2923 ut
1051 2864 1101 2924 ab'
1119 2861 1306 2922 hominibus

237 2945 368 3030 impiis,
390 2967 471 3031 quos
490 2967 560 3008 non
581 2940 702 3009 frustra
720 2959 845 3012 tantum
866 2947 905 3010 ad
925 2947 1052 3012 seniora
1067 2965 1218 3010 revocare
1236 2957 1306 3006 stu-

49 3086 53 3098 ,
119 3103 123 3114 ,
175 3063 178 3069 ·
238 3032 377 3094 deerunt
398 3030 454 3092 sed
474 3032 713 3094 hortationibus
734 3035 893 3121 minisque
916 3035 1144 3096 exacerbarunt
1160 3031 1257 3093 etiam
1274 3039 1305 3092 et

196 3185 201 3200 Ι
237 3118 390 3180 inimicos
411 3115 474 3177 sibi
494 3099 637 3178 fecerunt
652 3113 889 3182 infestissimos
916 3117 963 3204 (v.
983 3121 1132 3198 8—10.),
1159 3118 1253 3179 exosi
1274 3126 1306 3177 et

147 3266 152 3277 ,
239 3201 395 3281 exagitati
418 3203 535 3264 inertis
556 3200 694 3290 denique
715 3204 809 3266 dirae
821 3205 980 3290 supplicio
997 3203 1183 3265 afficiantur.
1215 3200 1307 3287 Quae
1382 3235 1383 3250 ι

192 3284 194 3288 ’
240 3287 371 3374 quidem
397 3286 577 3350 insontium
598 3288 712 3356 caedes,
732 3290 834 3374 impie
861 3291 916 3352 hic
943 3285 1077 3371 belluae
1103 3288 1240 3350 immani
1264 3309 1307 3350 ex
1382 3299 1383 3304 ’

177 3447 182 3456 .
241 3393 316 3453 orep
337 3392 524 3435 'emersuras
553 3373 578 3433 i.
602 3393 630 3434 e.
656 3365 849 3460 Imperatori
869 3375 991 3438 Neroni
1018 3395 1074 3436 seu
1102 3371 1306 3437 Antichristo

238 3457 410 3535 ,tribuitur3
429 3477 490 3518 nec
512 3457 612 3519 alium
630 3461 735 3543 aptius
753 3463 874 3541 fingere
894 3461 987 3522 licuit
1007 3461 1083 3522 vati}
1133 3457 1203 3543 Qui
1221 3461 1306 3522 enim

242 3543 389 3607 omnium
410 3563 489 3627 quae
510 3545 609 3626 proba
631 3545 786 3608 habentur
807 3557 840 3608 et
859 3540 971 3610 divina
991 3544 1142 3607 inimicus
1157 3557 1207 3607 est
1221 3566 1306 3606 acer-

242 3630 344 3690 rimus
366 3639 399 3689 et
420 3628 540 3712 placari
559 3630 702 3710 nescius,
724 3652 838 3692 eumne
860 3653 927 3694 non
950 3631 1058 3692 deceat
1077 3632 1306 3716 prophetarum

222 3716 360 3776 'horum
399 3732 531 3797 prorsus
567 3713 745 3794 insignium
777 3717 938 3802 totiusque
971 3727 1074 3778 terrae
1105 3707 1305 3778 miratione'm

172 3875 176 3882 .
242 3799 479 3883 impiorumque
509 3797 665 3862 ditiorum
699 3802 858 3863 invidiam
889 3797 1080 3864 iro'ventium
1108 3797 1304 3885 (v.‘9.10.)
1382 3807 1383 3834 t

243 3887 373 3948 hostem
392 3881 548 3968 prodire?
572 3883 611 3966 1)
633 3883 709 3962 :Gai
731 3887 859 3974 quidem
882 3882 1086 3952 Antichristo
1110 3889 1220 3974 (quem
1242 3887 1304 3950 nisi

280 4025 310 4088 1)
333 4037 361 4077 et
382 4030 407 4078 si
431 4027 505 4082 sorte
527 4041 603 4083 vates
627 4051 683 4085 non
707 4039 799 4102 ipsum
824 4038 1020 4102 Imperatorem
1046 4051 1093 4087 eos
1118 4033 1303 4104 oppugnatum

317 4107 462 4152 venturum
488 4115 547 4155 esse
564 4107 702 4171 ¹cogitavit
722 4105 810 4174 (quod
828 4117 919 4160 taruco
937 4109 1102 4175 quominus
1123 4100 1250 4174 putemus
1265 4105 1302 4156 uit
