2802 4684
169 287 173 304 ⁸
233 318 307 392 178
385 305 428 376 11.
457 267 636 374 Visiones)
684 251 729 374 11
749 317 784 394 2,
806 318 840 402 2.
893 295 1036 402 Cap-9,
1061 305 1095 386 fi.
1118 319 1155 394 7.

234 487 311 554 endi
333 499 456 552 tantum
481 507 540 575 per
566 488 708 588 quinque
726 511 869 592 menses.
904 489 1032 592 'Neque
1052 491 1143 554 enim
1163 485 1321 574 scorpio·

128 621 131 628 «
234 596 326 639 num·
344 575 470 641 aculeus
498 573 629 638 dolores
650 577 863 656 gravissimos
885 598 992 654 erens,
1025 589 1062 638 ut
1082 595 1322 674 nonnunquam

236 674 269 725 et
297 672 409 741 gentes
438 660 646 745 scorpionum
673 661 882 726 multitudine
917 664 1160 744 ingravescente
1193 661 1323 722 solium

236 759 376 812 mutasse
396 746 559 808 tradantur
580 745 749 810 l'lin.h.n.
757 759 789 824 8,
797 758 850 820 29.
864 748 966 812 Strab.
975 759 1028 819 13.
1041 755 1157 834 p.613.
1174 756 1324 810 'mortem

190 881 193 888 .
237 833 339 908 affert,
357 825 559 894 cf.Bochart.
582 837 705 916 p.6403
722 832 819 920 idque
826 834 881 896 hic
895 835 1057 921 imprimis
1065 835 1131 895 loci
1147 833 1323 916 aptissime

237 913 406 992 monetur,
441 927 478 978 ut
509 917 629 1000 impios
663 918 789 984 leviore
828 939 936 1004 poene
968 920 1110 1005 primurn
1125 949 1130 954 ·
1147 918 1324 980 doloribus

238 1003 401 1067 acerrimis
420 1022 479 1087 per
500 1007 628 1088 tompds
648 1004 726 1076 satis
746 1005 881 1084 longum
903 1007 1048 1079 venari,
1071 1002 1189 1066 deinde
1210 1011 1244 1077 9.
1268 1013 1322 1072 ts.

238 1092 480 1170 ingravescente
503 1107 609 1172 poena
632 1088 771 1152 interfici
792 1093 908 1168 etiem,
941 1088 1171 1171 intelligatur„
1197 1085 1325 1173 Estque

240 1177 295 1238 hic
315 1175 422 1240 mixta
432 1191 566 1256 prorsus
585 1174 779 1238 locustarum
792 1186 825 1237 et
839 1176 1048 1260 scorpionum
1062 1177 1181 1256 irnego.
1217 1167 1324 1253 Quod

241 1263 330 1324 enim
361 1259 401 1321 de
427 1254 579 1343 quinque
607 1257 780 1321 anensium
797 1262 821 1321 i.
842 1283 870 1324 e.
894 1261 994 1346 spatii
1014 1262 1093 1322 satis
1112 1259 1206 1339 longi
1226 1253 1325 1320 com'-

241 1347 422 1411 moratione
447 1341 589 1417 additur,
622 1363 640 1403 e
660 1344 855 1410 locustarum
876 1367 934 1432 per
956 1348 1098 1408 aestivos
1116 1357 1245 1406 tantum
1267 1365 1325 1404 ca-

243 1435 331 1494 lores
361 1451 378 1492 a
409 1419 496 1524 Majo
527 1427 567 1490 ad
599 1426 819 1514 Septembrem
839 1451 939 1517 usque
959 1445 1062 1494 terras
1089 1429 1324 1504 inundantium

243 1517 385 1598 irnagine
405 1509 534 1576 ductum
556 1523 614 1574 est.
637 1515 774 1583 πταίειν
788 1524 972 1601 permetere
992 1516 1033 1580 de
1051 1515 1223 1601 scorpione
1238 1522 1324 1575 ‘acu-

178 1623 180 1632 '
244 1605 332 1667 lenm
351 1601 507 1680 infigente
527 1597 682 1682 (κέντρον
699 1599 935 1690 ἐγχρίμπτων,
961 1614 998 1665 ut
1021 1600 1061 1664 ad
1081 1601 1116 1662 h.
1128 1603 1153 1662 l.
1173 1597 1324 1664 Arethas
1386 1599 1388 1612 '

244 1712 326 1772 bene
347 1697 522 1792 explicat),
556 1713 592 1763 ul
622 1698 703 1794 113,ῗὶ
730 1697 917 1772 πατάσσειν
945 1707 985 1770 de
1017 1707 1177 1770 vermium
1210 1723 1325 1768 morsu

245 1794 321 1858 Jon.
343 1797 374 1868 4,
394 1803 425 1862 7.
446 1799 478 1860 8.
505 1821 548 1834 -
590 1786 635 1849 V.
656 1795 689 1857 6.
720 1788 822 1871 Igitur
852 1808 923 1854 cum
945 1787 1100 1855 cruciatus
1121 1802 1155 1854 et
1180 1786 1327 1854 acerbis-x

146 1931 150 1936 .
229 1881 322 1962 ¹simi
344 1879 425 1954 sint,
444 1887 477 1937 et
497 1895 556 1959 per
577 1874 734 1958 temporis
757 1876 898 1962 spatium
917 1877 1144 1958 longissimum
1162 1875 1325 1952 continui,

245 1965 398 2030 homines
426 1961 538 2022 miseri
569 1961 669 2021 morti
701 1979 735 2023 se
756 1977 793 2023 ut
815 1963 921 2024 subito
942 1965 1064 2026 tradere
1086 1973 1204 2050 queant
1225 1971 1325 2047 opta·

141 2107 146 2120 .
247 2053 328 2115 bunt
348 2043 390 2110 cf.
405 2045 514 2124 teus,
535 2051 575 2122 33
596 2045 775 2133 mortisque
795 2047 991 2128 desiderium
1009 2049 1094 2136 quod
1112 2053 1257 2134 supra6,
1273 2053 1325 2117 16.

251 2131 313 2199 ‘am
334 2153 438 2220 poena
459 2129 570 2192 divina
593 2131 771 2209 exagitatos
793 2133 909 2211 subiit,
930 2133 984 2196 hic
1001 2135 1084 2197 mire
1098 2151 1224 2200 auctum
1248 2153 1325 2194 sen-

248 2222 369 2285 tentiae
388 2219 438 2280 bis
460 2217 614 2302 repetitae
636 2217 688 2278 vis
711 2230 743 2280 et
765 2218 891 2304 pondus
911 2232 1086 2298 monstrat3
1109 2218 1324 2305 nequeenim

145 2363 147 2367 .
248 2305 417 2392 scriptoris
437 2297 535 2398 hujus
557 2313 628 2377 est,
654 2287 694 2363 ad
713 2304 967 2390 parallelismum
985 2327 1080 2392 quem
1094 2303 1205 2368 dicunt
1217 2324 1325 2366 mem-

179 2423 182 2438 ·
249 2395 381 2457 brorum
401 2380 528 2449 frustra'
539 2407 714 2467 assurgere.
768 2387 910 2476 Cumque
931 2395 1070 2477 spatium
1091 2391 1168 2452 satis
1188 2391 1324 2469 longum

248 2475 443 2566 'praeterlabi
463 2472 668 2551 cogitandum
687 2475 747 2554 sit,
768 2496 836 2538 non
848 2476 1112 2553 adeomiramur,
1133 2473 1220 2562 quod
1234 2485 1324 2537 vates

134 2624 136 2632 ,
252 2575 376 2625 suetam
401 2558 542 2622 fictionis
578 2553 715 2623 formam
744 2559 894 2624 deserens
916 2563 1126 2626 mentionem·
1145 2561 1265 2640 subito¹
1289 2559 1325 2621 in
1386 2601 1387 2610 .

130 2643 134 2651 ’
245 2645 416 2736 fututum
438 2655 565 2729 tempus
587 2645 730 2708 aberrare
751 2648 853 2722 sinat,
878 2649 968 2733 quasi
989 2649 1024 2712 se'
1045 2650 1154 2732 ipsum
1173 2647 1211 2708 in
1231 2645 1324 2708 coelo
1386 2645 1387 2648 ’

252 2755 311 2820 per
338 2741 463 2794 tantum
488 2729 647 2815 temporis
672 2732 812 2818 spatium
832 2733 910 2794 haec
932 2729 1056 2796 vidisse
1075 2732 1183 2794 minus
1206 2731 1325 2816 proba-

177 2874 184 2884 ,
252 2820 319 2883 bile
348 2816 562 2892 existimarit,
600 2812 644 2876 cf.
664 2838 759 2904 supro
779 2839 812 2902 p.
825 2827 877 2888 13.
927 2816 1016 2884 Inter
1040 2813 1197 2880 lectiones
1221 2817 1326 2878 varias

256 2895 370 2992 φεύγει
392 2915 553 2986 praestare
579 2900 707 2964 videtur
728 2896 771 2964 cf.
792 2923 824 2988 p.
838 2913 891 2976 39.1
921 2938 965 2952 -
1007 2903 1053 2967 V.
1071 2912 1104 2974 7.
1134 2897 1248 2964 Officio
1270 2902 1325 2975 ita,
1386 2915 1387 2934 ¹

256 2987 343 3076 quod
362 2986 576 3067 singularibus
597 2988 651 3048 his
674 2989 809 3050 locustis
836 2988 996 3052 divinitus
1016 2985 1241 3064 demandatur,
1273 2981 1327 3048 fu-
1386 2997 1387 3004 ’

255 3078 323 3138 sius
340 3073 503 3160 'descripto
522 3065 628 3134 forma
648 3093 756 3134 earum
771 3074 974 3137 adumbratur
988 3074 1161 3157 singularis
1177 3073 1231 3134 illi
1248 3093 1326 3136 con·

255 3165 333 3241 grue
355 3169 388 3220 et
405 3157 524 3225 terrori
545 3157 732 3220 hominibus
755 3159 940 3223 incutiendo
961 3157 1147 3246 poenaeque
1167 3157 1255 3220 dirae
1273 3158 1327 3219 in-

197 3245 200 3256 '
255 3243 415 3326 fflgendae
435 3241 582 3328 apprime
603 3241 737 3320 idonea3
759 3247 868 3308 omnia
888 3258 995 3310 tamen
1015 3248 1195 3310 elocustae
1214 3253 1326 3305 natura

259 3353 302 3394 ex
334 3331 438 3414 prima
470 3327 598 3408 origine
627 3327 773 3392 desumta
801 3351 872 3393 esse
899 3343 995 3418 patet.
1020 3353 1063 3396 ex
1091 3329 1241 3392 animalis
1269 3326 1326 3390 de-
1385 3399 1386 3404 η

260 3415 437 3500 scriptione
466 3407 508 3475 ci.
536 3411 687 3488 Bochart.
717 3413 760 3478 T.
775 3413 819 3484 Il.
840 3439 874 3502 p.
889 3420 951 3487 441
974 3437 1043 3505 sqq.
1097 3414 1243 3478 Niebuhr
1263 3411 1327 3476 Be·

259 3500 396 3564 schreib.
416 3517 485 3560 ron
505 3491 604 3586 Arab.
625 3521 659 3586 p.
678 3509 752 3572 173.
800 3500 872 3564 Job.
894 3501 1024 3565 Ludolfi
1044 3521 1161 3566 comm.
1182 3497 1223 3561 ad
1248 3499 1327 3560 hist.

260 3587 346 3650 aeth.
368 3607 401 3670 p.
414 3592 476 3654 173
494 3603 562 3670 sqq.
585 3594 618 3646 et
633 3585 770 3672 append.
790 3587 830 3650 de
850 3583 1327 3665 locustis·3ssed1nannSanun-
1385 3597 1386 3624 ¹

255 3673 382 3752 -lungen
407 3689 465 3732 zur
491 3667 698 3734 Naturkunde
723 3669 779 3733 der
800 3674 836 3734 h.
857 3672 890 3735 S.
911 3667 989 3736 fasc.
1005 3684 1037 3746 2.
1057 3695 1091 3761 p.
1104 3675 1241 3743 76-149.
1261 3665 1327 3742 f.6.

259 3795 294 3862 p·
307 3777 360 3844 74.
382 3765 538 3860 ὁμοίωμα
558 3785 608 3836 est
626 3775 724 3866 nte-g
745 3774 802 3839 ΕΖ.
820 3783 856 3854 1,’
867 3779 918 3848 16.
930 3773 1055 3865 formo
1075 3775 1239 3863 imprimis
1260 3774 1328 3842 sin-

259 3859 381 3942 gularis
402 3879 496 3946 qnam
516 3881 588 3922 cum
608 3861 703 3922 rebus
724 3863 886 3927 similibus
906 3885 1088 3949 comparare
1105 3873 1230 3930 tantum
1244 3861 1328 3924 licet.
1384 3875 1385 3878 ’

261 3941 372 4035 Equis
398 3941 486 4008 bello
513 3945 677 4007 instructis
700 3947 838 4010 locustas
860 3944 929 4046 jam
949 3958 1188 4047 comparaverat
1208 3945 1281 4009 Joel
1298 3956 1327 4024 2,

260 4035 293 4100 4.
321 4023 492 4116 refertque·
511 4031 644 4092 cirmino
673 4033 792 4096 anirnal
813 4030 934 4121 equini'
946 4035 1091 4120 corporis
1111 4031 1264 4120 quaedam
1282 4032 1328 4093 si-

259 4116 368 4196 milia,
391 4113 477 4179 unde
496 4116 620 4180 nostris
641 4119 738 4182 etiam
748 4115 936 4206 Heupferd
950 4119 1015 4186 dici
1032 4125 1147 4184 notum
1167 4127 1226 4183 est.
1253 4116 1328 4182 llam
1384 4153 1385 4164 ι
