2848 4682
96 369 99 378 .
143 309 145 314 ’
185 290 187 296 ,
237 312 293 398 '36
427 280 485 392 De
510 277 671 392 fontibus
695 318 868 389 nmteriae
890 327 926 386 et
951 317 1155 426 ιΙὶοῐίοιιίι..Ι

173 561 175 570 .
238 503 351 568 ceteris
373 502 419 569 Ν
440 503 483 586 T.
504 484 631 588 scriptis
659 497 780 566 frustra
801 501 914 570 similia
936 523 1081 586 quaeras.
1133 492 1306 587 Quaecun-

233 607 312 692 que
325 607 413 672 enim
445 607 485 674 de
513 603 651 706 angelis,
691 589 887 670 daemonum
916 605 1082 690 spiritibus
1117 607 1166 686 (v.
1193 605 1233 670 ad
1259 613 1305 685 16,
1361 619 1369 624 ·

165 707 303 795 ·14),
334 712 450 778 Satana
470 724 517 778 et
522 699 678 777 similibus
700 707 839 788 tradit,
845 729 888 772 ex
905 699 973 770 hoc
993 709 1186 795 opinionum
1202 711 1305 796 judai·

128 887 130 896 ‚
228 829 343 882 carum
375 814 477 886 fonte
492 815 603 882 hausta
628 826 725 896 sunt3
755 833 862 899 neque
888 812 994 897 stylus
1022 823 1148 880 tantum
1170 813 1223 880 hic
1243 813 1325 880 ilic«
1414 877 1415 882 ,

227 910 490 986 Kabbalistarum
514 933 696 986 commenta
717 920 817 1006 spirat
833 918 883 1002 ¹,)
910 909 967 984 sed
989 919 1186 1006 conspicitur
1205 917 1318 991 ,etiam¹

115 1089 156 1101 Η
227 1022 303 1088 artis
333 1019 557 1093 kabbalisticae
585 1025 753 1092 Gematria
777 1023 879 1089 dictae
906 1023 1081 1110 vestigium
1101 1026 1173 1092 satis
1194 1029 1300 1093 mani·
1377 1061 1381 1071 ,

203 1137 206 1142 ’
227 1125 347 1192 festum
371 1137 422 1210 13,
445 1140 486 1204 18
512 1131 569 1198 ubi
595 1152 629 1196 r.
651 1141 728 1206 not;
760 1127 922 1216 imprimis
949 1128 1078 1194 futurae
1105 1131 1300 1220 Hierosoly-

224 1251 297 1298 mae
330 1225 499 1310 coelestis
496 1233 678 1322 descriptio
707 1242 920 1316 ο.21-22,5.
947 1242 1071 1328 2,17.,
1115 1257 1310 1324 quenquam

136 1326 139 1336 ¹
225 1353 356 1402 auctor
367 1334 522 1452 imagines
552 1325 693 1426 judaicas
723 1341 858 1404 exemtis
883 1338 1037 1404 omnibus
1070 1359 1151 1425 quae
1175 1340 1214 1404 ad
1236 1363 1298 1408 vo-

15 1521 16 1530 *
222 1435 374 1530 luptates
392 1458 557 1513 terrestres
578 1445 745 1534 pertinent
772 1444 900 1532 egregie
918 1455 1113 1533 temperatas
1140 1444 1296 1533 depinxit,

222 1547 302 1612 adeo
333 1560 444 1616 tamen
475 1549 672 1618 ludaeorum
709 1547 959 1616 kabbalistarum
987 1547 1090 1614 refert
1119 1547 1300 1637 ingenium,
1414 1551 1415 1574 l

221 1665 259 1718 ut
292 1653 384 1722 facile
422 1657 557 1736 sentias,
599 1665 756 1741 quantum
790 1653 844 1732 hic
874 1653 1059 1720 scholarum
1095 1649 1294 1739 judaicarum

221 1760 414 1825 commentis
439 1784 458 1826 a
480 1757 607 1827 ¹teneris
634 1757 812 1825 innutritus
837 1757 936 1825 fuerit
956 1771 1085 1836 auctor,
1119 1757 1294 1848 quantique

107 1933 110 1938 Ι
184 1895 185 1900 ι
219 1885 257 1927 ea
291 1862 412 1930 fecerit,
470 1867 507 1949 3)
534 1867 622 1955 'Ipse
650 1861 788 1951 denique
822 1861 995 1952 linguae
1019 1862 1142 1930 indoles
1183 1870 1293 1938 nativa

99 1989 101 1996 '
142 1995 147 2007 ι
217 1963 412 2056 scriptorem
436 1963 553 2058 prodit
583 1966 643 2036 vix
672 1989 774 2034 annos
796 1986 916 2056 paucos
936 1965 1112 2036 Palaestina
1132 1970 1168 2037 in
1192 1989 1293 2040 terras
1336 2030 1343 2042 ,
1414 2017 1415 2054 ;

159 2091 161 2100 ’
217 2083 346 2138 exteras
377 2090 553 2161 egressum.
607 2075 803 2162 Quanquam
830 2071 919 2137 enim
947 2079 1060 2140 auctor
1087 2075 1292 2162 hauddubie

149 2244 151 2248 ,
213 2180 404 2244 tumwinter
443 2199 556 2267 graece
586 2177 754 2265 loquentes
785 2183 920 2244 versans
950 2197 1095 2264 graeca
1115 2181 1148 2265 ²)
1182 2184 1291 2270 lingua

213 2293 290 2346 usus
319 2293 390 2365 est,
432 2297 551 2353 tamen
576 2303 644 2348 nou
667 2293 808 2348 tantum
837 2301 970 2372 graecus
992 2280 1054 2346 »hio
1086 2279 1194 2350 sermo
1228 2287 1290 2353 he-
1350 2304 1353 2312 ·

147 2383 151 2394 “
174 2376 179 2390 “
211 2385 346 2464 braeum
372 2389 514 2456 colorem
532 2398 660 2452 tantum
682 2382 783 2452 refert
802 2396 840 2451 ut
862 2387 987 2452 nullum
1009 2388 1193 2472 comparari·
1207 2410 1289 2476 pos·
1348 2413 1352 2416 ·

210 2493 254 2557 sit
277 2495 321 2559 N.
344 2495 387 2560 T.
410 2497 568 2582 scriptum
589 2491 699 2582 (Μ),
730 2491 786 2556 sed
807 2509 1043 2578 nonnunquam
1071 2491 1169 2556 etiam
1197 2497 1287 2580 quasi

180 2627 181 2634 ι
209 2596 394 2664 invitusad
415 2597 702 2685 hebraearapitur
730 2596 830 2672 rerba
852 2586 1082 2676 immiscenda,
1114 2618 1195 2683 quae
1214 2599 1287 2688 ipsa

208 2703 316 2766 statim
343 2702 466 2791 graecis
497 2697 626 2793 adjectis
651 2700 790 2787 explicat
820 2723 853 2764 v.
878 2699 924 2762 ad.
944 2707 975 2778 3,
994 2705 1057 2780 ‘143'
1086 2711 1198 2780 9,11;
1233 2717 1286 2786 12,
1323 2751 1325 2766 .

166 2855 172 2864 -
207 2818 268 2886 103
301 2805 332 2874 si
363 2809 500 2874 notiora
524 2817 602 2870 sunt
629 2803 762 2868 Graecis
795 2815 827 2868 et
858 2801 894 2869 in
928 2803 1074 2870 LXX
1062 2827 1130 2889 Jam
1159 2810 1284 2891 usitata,
1324 2829 1326 2836 ·

207 2921 262 2974 aut
282 2912 348 3000 sola
370 2913 470 2998 ponit
492 2909 593 2975 verba
620 2903 758 2973 hebraea
784 2919 888 2988 19,1
909 2913 940 2978 3
961 2913 991 2978 cl'·
1012 2916 1044 2978 6
1071 2922 1125 2976 aut
1155 2915 1283 3002 linguae

149 3097 152 3102 Ἴ
199 3013 352 3086 'ubertate
382 3015 519 3102 quadam
545 3027 577 3082 et
598 3012 713 3100 vigore
734 3011 848 3078 ductus
870 3011 991 3098 graecis
1012 3015 1192 3106 postponit
1201 3029 1282 3096 1,7.

205 3128 258 3197 22,
279 3129 339 3201 2ος
362 3129 466 3201 129.
488 3130 591 3200 2112.
633 3121 783 3203 Gumque
804 3139 847 3180 ex
867 3115 919 3180 his
940 3115 1091 3208 omnibus
1119 3121 1194 3186 satis
1214 3143 1298 3210 pa-

155 3301 161 3312 ,
204 3233 287 3306 teat,
321 3233 486 3290 auctorem
514 3215 652 3292 hebraee
682 3217 848 3288 doctum
837 3237 909 3308 tpsa
934 3243 1015 3307 quae
1035 3205 1105 3310 tum
1127 3225 1162 3338 iu
1181 3229 1280 3294 scho-

235 3407 324 3478 1.)ol
342 3407 545 3472 Rhenlerdi
570 3429 669 3469 comm.
692 3415 724 3466 111
741 3409 957 3468 Meusoheut
981 3409 1070 3467 N·..T
1094 3427 1129 3466 ex
1146 3411 1277 3472 Talmud·

270 3499 372 3566 illustr.
390 3519 417 3569 p.
426 3509 505 3567 1090.
534 3503 571 3559 cf.
589 3503 715 3558 instead
733 3511 760 3568 1,
776 3507 803 3563 4.
824 3507 851 3566 5.
876 3506 902 3586 [1,
919 3509 946 3563 2.
970 3511 1072 3556 notata.
1090 3512 1094 3516 '

151 3641 167 3684 ,ι
234 3621 266 3690 2)
284 3621 402 3678 hebraea
428 3627 524 3696 lingua
550 3626 644 3682 forsan
669 3641 751 3680 usum
775 3641 836 3680 esse
861 3635 1003 3679 auctorem
1029 3628 1187 3694 suspicatur
1211 3625 1277 3686 Mi-

269 3712 410 3770 chaelis
433 3716 536 3772 introd.
559 3721 590 3770 in
615 3718 649 3770 N.
668 3717 703 3769 T.
730 3721 851 3784 p·164t1;
887 3716 1009 3769 aramaea
1033 3731 1116 3770 usum
1140 3735 1201 3782 esse
1225 3737 1275 3783 su,

267 3807 318 3856 mit
342 3797 373 3857 ut
398 3821 561 3862 concessum
586 3803 717 3860 Bolteu
741 3811 773 3861 in
797 3825 869 3862 rere.
894 3807 1004 3874 epistol.
1036 3809 1070 3862 N.
1102 3809 1137 3863 Τ.
1172 3811 1207 3864 Τ.
1221 3813 1274 3865 ΙΙΙ.

225 3880 227 3888 .
267 3891 354 3960 praef.
371 3912 408 3964 p.
418 3905 462 3958 23.
504 3895 658 3966 Utrumque
683 3899 748 3951 satis
766 3899 831 3953 iude
849 3895 1004 3964 refellitur,
1035 3900 1111 3968 quod
1129 3903 1271 3970 quomodo

264 3987 295 4035 iu
313 3989 485 4042 versione
504 3996 638 4056 graeca
663 3973 746 4040 r‘oee's
763 3984 897 4042 hebraeae
914 4000 943 4041 et
962 4001 1076 4058 graecae
1094 3989 1168 4044 idem
1186 4009 1271 4060 pror-

170 4081 173 4092 ⁴
263 4090 311 4156 sue¹
336 4075 524 4144 significantes
544 4081 682 4146 *componi
712 4082 857 4144 potuerint
889 4095 924 4130 ex
952 4085 1088 4146 perpetuo
1122 4087 1268 4153 scriptoris
1297 4077 1302 4084 “

161 4164 162 4168 ’
215 4179 216 4188 ’
261 4181 354 4230 more,
381 4180 412 4218 ut
435 4171 447 4215 t
471 4169 635 4226 transierunt
655 4169 665 4214 t
684 4169 795 4231 σκηνάς,
822 4175 904 4242 uerno
922 4169 1101 4238 intelligeret.
