2802 4684
240 297 247 304 ”
288 299 331 370 ΙΙ.
357 289 553 374 Visiones.
585 303 628 375 11.
652 317 685 388 3.
738 277 966 402 Cnp11,8.
1047 305 1061 384 s
1091 319 1166 394 903
1218 263 1242 320 Ἰ
1296 288 1300 298 ’
1367 263 1370 275 ·

2 556 3 562 ἵ
88 479 228 560 Messias
252 491 302 564 19,
328 475 439 559 11-21.
462 473 558 564 neruo
575 475 704 571 tinen)
734 480 883 554 resistere
904 489 1066 576 noqueunt
1087 493 1179 577 pro—⁴
1227 499 1229 506 '
1260 489 1261 496 '

88 570 208 654 phetae
229 565 312 644 dno,
343 565 467 632 Christi
486 569 589 634 ¹‘instar
610 575 648 637 in
666 586 751 646 terra
762 575 906 648 viventis
921 577 1048 658 egregia
1064 590 1169 654 morte
1220 603 1232 644 ’τ

90 653 273 716 doctrinam
305 675 400 740 qnam
427 657 575 742 profiteri
602 660 670 722 no'n
692 657 904 738 dubitarunt,
922 663 1067 727 nobilem
1088 686 1169 728 con·
1217 741 1220 748 ι

91 739 270 824 firmantes.
319 737 412 803 Hunc
439 742 539 823 igitur
568 742 792 808 antichristum
813 739 870 806 hic'
887 747 1020 812 nomine
1040 739 1079 814 ‘td
1097 754 1169 833 θη·

93 821 181 908 ριόν.
198 815 237 890 τὸ
265 813 455 912 ἀναβαῖνον
485 830 520 894 ἐκ
549 829 609 913 τῆς
637 821 787 912 ἀβύσσου
814 829 990 912 significari
1019 833 1098 897 satis
1119 844 1169 897 est
1277 893 1283 905 ,

92 909 319 996 perspicuum3
351 909 507 976 delibavit
533 913 588 974 hic
615 926 705 978 vates
733 911 867 978 belluae
896 935 938 978 ex
959 937 1036 980 orco
1056 939 1179 996 emer·-¹

78 992 213 1080 gentis
245 1005 278 1058 et
306 1017 427 1060 nornen
457 1009 489 1059 et
516 1020 624 1062 mores
653 995 738 1065 infra
769 1010 948 1085 c.13-19.
975 1003 1104 1068 uberius
1128 1016 1168 1068 et

93 1080 270 1164 perspicuo
288 1077 527 1159 describendos,
554 1097 589 1146 ut
608 1084 664 1146 hic
685 1083 816 1172 quidem
836 1085 926 1148 locus
946 1107 1004 1172 per
1018 1107 1060 1171 vse
1078 1089 1168 1153 solus

94 1165 240 1245 intelligi
262 1187 396 1251 prorsus
418 1180 573 1254 nequeat,
606 1169 703 1255 idque
723 1167 836 1234 mirari
857 1170 1058 1252 desinamus,
1094 1197 1168 1240 orn-
1218 1233 1228 1242 .
1267 1223 1270 1232 ,

95 1249 176 1312 nino
211 1251 320 1320 vatem,
345 1253 515 1338 paullatim
543 1253 726 1320 distinctius
740 1256 864 1320 'omnia
885 1278 1049 1344 exponere
1068 1281 1168 1345 repu-

19 1335 21 1338 ’
96 1345 215 1402 temtos.¹
250 1333 403 1424 ·Cu1nque
425 1335 511 1402 infra
534 1344 584 1416 13,
608 1353 625 1410 1
647 1362 716 1428 sqq.
737 1342 843 1404 bellua
864 1362 882 1404 e
904 1335 1063 1410 θάλασσα
1087 1366 1168 1430 pro-

98 1417 190 1489 diens
205 1420 412 1502 delineatur,
444 1419 589 1511 ἄβυσσος
617 1427 671 1488 hic
691 1447 788 1489 more
816 1427 944 1490 infinite
971 1423 1169 1514 profundum
1258 1491 1260 1494 .

98 1523 279 1614 significare
305 1525 368 1616 ,(ut
391 1526 507 1601 Lxx.
529 1532 657 1618 saepius
679 1553 759 1594 voce
782 1526 928 1618 ἄβυσσος
948 1533 1040 1596 hebr.
1065 1521 1167 1622 nint]
1270 1599 1273 1618 Ι

98 1613 300 1696 exprimunt,
329 1612 411 1677 Gon.
427 1627 456 1691 1,
477 1625 509 1686 2.
529 1625 631 1692 7,11.
651 1612 756 1679 Amos
772 1624 803 1692 7,
826 1621 857 1687 4.
877 1616 948 1680 dob.
968 1627 1020 1694 28,
1042 1621 1093 1690 14.
1114 1627 1171 1695 38,

97 1699 171 1778 16.)
192 1697 295 1764 videri
310 1701 435 1786 possit,
457 1701 514 1764 sed
533 1701 578 1784 de
589 1697 683 1764 Orco'
695 1723 768 1765 esse
784 1702 1049 1782 intelligendum,
1073 1702 1167 1764 docet

91 1782 187 1844 locus
201 1793 252 1860 17,
267 1795 298 1856 8.
319 1787 375 1850 ubi
396 1807 429 1848 v.
444 1798 513 1848 not.
555 1786 702 1874 illaleque
719 1781 865 1873 profecto
884 1790 1075 1873 interpretes
1098 1789 1172 1850 bel-

97 1868 185 1928 luam
197 1869 280 1932 hanc
293 1882 347 1932 aut
359 1872 508 1951 angelum
520 1870 619 1936 istum
628 1873 1045 1960 locustarurnprlncipem9,
1055 1884 1106 1944 11.
1117 1885 1173 1936 aut

97 1964 203 2028 totum
218 1955 415 2019 locustarum
431 1978 545 2037 agmen
555 1968 585 2034 9,
596 1969 685 2029 1-11·
703 1979 774 2038 esse
787 1960 850 2020 sibi
864 1957 1064 2043 persuadent,
1084 1959 1170 2044 quod

99 2051 254 2124 quantum
274 2042 312 2102 ab
334 2033 432 2139 hujus
440 2043 522 2106 ·loci
536 2063 632 2108 sensu
652 2065 801 2130 nexuque
820 2044 962 2106 alienum
984 2045 1044 2120 sit,
1069 2037 1173 2130 quan·
1224 2073 1226 2080 ¹

98 2134 169 2188 turn
198 2145 216 2188 a
243 2127 327 2188 vatis
347 2141 453 2191 mente
473 2139 604 2215 totaque
627 2131 735 2214 operis
758 2126 869 2190 indole
890 2140 923 2191 et
943 2127 1173 2200 distributione

98 2211 288 2290 abhorreat,
309 2215 388 2275 satis
410 2214 524 2276 elucet.
545 2246 588 2266 ··-
620 2214 665 2276 V.
683 2227 715 2286 8.
736 2212 808 2276 Nec
830 2226 936 2277 morte
955 2214 1016 2276 hac
1037 2215 1170 2278 satiatur

96 2295 207 2358 dirum
249 2318 312 2383 quo
350 2297 479 2363 inimici
516 2301 692 2386 prophetas
734 2300 892 2380 martyres
938 2297 1185 2386 persequuntur¹

99 2379 230 2444 odium:
263 2385 331 2446 imo
364 2395 398 2446 et
428 2385 581 2448 cadavera
609 2380 695 2482 justo
727 2384 847 2448 diutins
876 2385 913 2447 in
944 2386 1054 2479 platea
1081 2387 1174 2448 urbis
1271 2381 1273 2391 '

99 2477 226 2531 sanctae
256 2469 400 2550 neglecta
429 2481 462 2534 et
481 2471 790 2557 risui-ludibrioque
811 2470 920 2542 habita
938 2491 1042 2567 jacere
1059 2463 1178 2566 jubent.
1207 2473 1209 2478 ’
1234 2479 1236 2486 ’

99 2564 372 2641 anonumentoque
402 2556 574 2640 sepulcrali
599 2579 642 2620 ue
670 2579 742 2620 cum
762 2557 888 2618 honoro
913 2555 1089 2620 condantur
1112 2577 1177 2618 ve-
1215 2562 1219 2573 ‘

100 2649 172 2702 tant
192 2658 226 2718 y.
246 2650 279 2708 8.
299 2649 330 2712 9.
382 2637 548 2723 Quantum
575 2654 682 2706 autem
710 2643 827 2728 populi
853 2652 978 2704 veteres
1007 2641 1177 2726 sepulchri

98 2719 183 2823 justi,
199 2735 232 2786 et
249 2723 356 2803 decori
380 2727 501 2790 honori
522 2733 787 2812 monumentique
807 2725 1020 2812 sepulchralis
1045 2727 1175 2790 ornatui
1252 2735 1265 2802 ζ

4 2829 5 2840 ²
97 2809 292 2888 tribuerint,
325 2823 441 2895 quanta
467 2813 648 2894 ignominia
675 2814 878 2874 inhumatum
899 2811 1070 2874 habuerint
1091 2812 1173 2873 alls
1219 2867 1222 2873 ,

99 2895 282 2980 cerintque,
318 2897 394 2958 satis
425 2909 474 2958 est
499 2909 614 2960 notum
645 2893 702 2974 (cf.
725 2897 837 2967 1Sam.
859 2905 912 2971 31,
933 2903 1027 2970 9-13.
1047 2894 1178 2962 Kohel.
1263 2972 1268 2988 .

100 2986 139 3058 6,
157 2989 190 3049 3.
211 2993 243 3042 et
263 2981 339 3044 intt.
357 2979 410 3044 ad?
422 2979 485 3045 Jes.
502 2989 553 3059 14,
575 2994 627 3054 18.
647 2993 699 3060 22,
722 2987 773 3054 16.
794 2992 846 3058 53,
868 2976 932 3067 9.)·
964 2980 1110 3128 ‘ffiwque
1132 2982 1187 3046 de'

100 3061 220 3136 Anano
237 3077 283 3128 et
303 3064 397 3143 deso,
434 3068 490 3154 qui
516 3069 717 3149 ignominiae
745 3088 837 3130 causa
859 3078 943 3162 josto
998 3069 1095 3158 'atius
1117 3069 1173 3132 in·
1234 3088 1252 3112 ’-

100 3151 228 3212 borneti
249 3149 305 3214 des
330 3153 453 3238 ectique
475 3155 621 3219 omnium
640 3153 782 3216 ludibrio
804 3151 1174 3248 Hierosolymisqacue-
1214 3229 1217 3232 ῃ
1269 3195 1280 3210 .

100 3237 196 3318 rint,
215 3234 313 3322 Jqsep
340 3281 349 3298 .
380 3239 410 3300 b.
431 3235 455 3334 j.
477 3243 508 3314 1,
529 3246 560 3316 5,
582 3249 614 3309 3.
631 3253 759 3315 narrat,
780 3237 820 3299 ad
840 3259 965 3300 morem
986 3237 1200 3301 huncillu-‘'
1256 3306 1280 3320 .,
1370 3255 1372 3262 “

101 3319 269 3403 strandum
285 3323 368 3384 satis
391 3325 541 3408 apposite
562 3321 686 3388 laudari
707 3325 830 3410 possitq
851 3334 883 3384 at
905 3319 1081 3408 quod-inde
1093 3345 1177 3408 pro·
1205 3385 1213 3406 ι

99 3407 211 3473 aarum
232 3419 325 3486 eunt,
345 3421 452 3472 vatem
472 3409 528 3472 hic
543 3407 588 3473 ‘de
611 3405 729 3482 Anano
751 3419 783 3472 et
802 3407 880 3471 Jesu
902 3408 1011 3494 loqui,
1023 3440 1025 3446 ·
1038 3409 1181 3477 minime.

61 3580 67 3584 -
156 3548 280 3614 obstat,
298 3549 335 3602 cl'.
351 3551 385 3606 ad
403 3557 446 3619 1l1,
465 3556 543 3624 200,
565 3571 695 3623 suprema
712 3566 804 3608 tannen
822 3556 998 3622 Imperatoris
1016 3558 1176 3608 auctoritate

182 3623 278 3673 caedes'
306 3641 321 3674 a
346 3623 494 3677 ditioribus
519 3628 640 3679 decreta'
653 3626 797 3679 sancienda
825 3637 892 3678 erat·
934 3625 1062 3693 Satisque
1079 3637 1179 3678 notatu

176 3692 311 3760 dignum,
329 3691 448 3750 ludaeos
465 3700 500 3748 iis
518 3714 588 3764 quae
607 3699 654 3750 hic
674 3697 708 3750 de
727 3698 873 3764 prophetis
893 3695 1002 3748 duobus
1022 3707 1176 3761 narrantur,
1223 3739 1227 3752 .

71 3769 78 3778 ‘
175 3764 440 3821 similiaxadrnodum
458 3767 492 3821 de
500 3765 603 3824 Messio
613 3769 730 3836 ,losephi
747 3769 824 3833 filio,
838 3785 921 3836 quern
932 3767 1050 3820 Moesiae
1062 3767 1176 3819 Davtdis

175 3851 354 3902 praecurrere
372 3850 528 3901 autumant,
555 3839 661 3892 tradere
688 3839 739 3907 (cf.
758 3842 935 3907 Eisenmeng.
950 3837 1081 3891 tuttenth.
1099 3839 1133 3890 Τ.
1143 3847 1179 3912 ⁴2·
1229 3863 1234 3872 s

175 3920 204 3971 P·
224 3911 286 3964 706.
311 3915 354 3966 10.
371 3916 415 3967 20·
430 3915 547 3971 tra-19.
571 3909 619 3962 ubi
636 3921 728 3963 tameo
750 3911 858 3974 diversa
882 3910 1055 3962 diversorum
1073 3907 1176 3976 Rabbi-

179 3993 280 4028 norum
305 3989 457 4032 commenta
480 3995 537 4032 non
553 3979 623 4034 bene
642 3979 770 4034 distincta
787 3984 878 4046 sunt).
922 3979 1003 4030 Hunc
1022 3982 1096 4030 enim
1113 3997 1174 4032 cre-

177 4047 247 4106 ,rlrrnt
263 4046 298 4099 ab
315 4049 434 4116 Armillo
450 4047 649 4118 (Antichristo)
662 4053 838 4105 intersectum
857 4069 871 4102 a
889 4051 941 4102 deo
958 4045 1093 4120 perquam
1105 4054 1176 4104 irato
1237 4097 1239 4108 ,
1269 4087 1270 4091 =

100 4162 114 4185 Ι.
134 4153 136 4160 >
177 4122 208 4173 iu
226 4123 308 4174 vitatu
326 4132 486 4180 revocatum
510 4123 667 4194 honorique
686 4127 795 4180 rumino
814 4124 950 4185 redditum
968 4125 1035 4176 iri.-
