2802 4684
207 276 259 390 Ἠ.
282 315 460 390 visiones.
497 321 558 390 111.
574 287 610 426 22.
635 317 689 390 n.
704 349 734 392 a.
760 338 797 405 1.¹
812 324 898 452 etp.
919 337 978 416 12,
997 335 1071 405 13„
1109 333 1184 416 219

111 501 266 568 homines
293 507 402 590 tamen
430 505 467 567 in
495 493 578 566 terra
591 514 762 569 'versantes
783 497 828 569 ob'
845 510 929 570 mala
952 529 970 570 a
988 507 1104 571 Statana
1126 529 1185 596 per

76 609 79 614 '
111 591 212 653 breve
232 589 318 676 quo'd
336 591 406 676 ipsi
428 611 529 676 usque
553 587 745 672 ad'regnum
765 591 904 659 Messias
925 595 1066 658 interra
1086 595 1186 656 etiarn

113 673 343 739 stabiliendum
356 678 487 740 firmum
501 687 599 738 restet
610 683 736 776 tempus
749 679 792 740 iis
806 677 956 742 struenda
969 680 1106 742 miseros
1127 678 1189 742 cle-2
1264 712 1265 722 ¹

112 763 268 848 ploranta
311 757 404 844 Quae
425 763 534 825 omnia
552 779 680 843 egregie
702 764 748 825 sic
768 764 808 826 ad
830 767 981 827 miseram
1001 765 1188 850 piorumin
1250 789 1253 794 ·
1327 749 1345 822 ζ

113 860 200 910 terra
228 856 350 910 sortem
369 848 540 912 levandam
560 849 775 934 solatiumque
795 850 838 912 iis
859 851 1075 938 praebendum
1096 871 1188 912 com·

92 934 225 1020 ,posita
235 945 332 996 ‘su-nt.
376 931 507 1020 Quanta
519 935 607 998 onim
620 933 860 1022 redundatspes
875 937 976 1014 laeta,
999 938 1029 1000 si
1045 937 1082 998 in
1092 936 1186 998 coelo

115 1020 234 1081 saltem
261 1016 406 1083 delatore
432 1020 566 1084 excluso
597 1017 731 1084 Messias
750 1033 862 1102 regnat
882 1035 1013 1086 suorum
1033 1033 1188 1108 patronus

113 1103 278 1166 assiduus!
306 1107 374 1168 imo
396 1105 426 1169 si
446 1125 526 1171 mox
546 1127 619 1168 euru
639 1105 739 1170 affore
760 1108 796 1170 in
815 1119 900 1184 terra
921 1107 961 1170 ad
982 1129 1112 1170 onmem
1127 1106 1188 1168 Sa·
1252 1127 1255 1138 ·
1306 1105 1308 1112 ’

116 1201 211 1253 tanae
235 1190 474 1279 impiorumque
502 1201 694 1277 potestatem
722 1190 929 1276 euertendam
949 1205 1034 1256 certa
1053 1194 1103 1266 e¹st
1128 1213 1189 1255 ex·
1273 1243 1278 1256 .

114 1278 271 1362 spectatio
282 1277 293 1336 l'
316 1273 357 1342 V
349 1297 396 1340 ox
408 1275 492 1340 ulta
510 1298 528 1338 a
550 1279 664 1364 quibus
680 1279 850 1342 coelitibus
870 1278 1068 1342 dimissa'sit
1083 1299 1189 1366 quan-

115 1379 212 1447 quam
233 1359 441 1438 disertenon
463 1360 636 1440 indicatur,
656 1355 893 1431 uaterutaman
913 1363 953 1428 de
970 1360 1187 1450 presbyterio
1235 1413 1236 1418 ,
1325 1355 1329 1361 ’

116 1444 241 1531 viginti
265 1459 404 1534 quatuor
433 1448 488 1528 (4,
504 1453 535 1518 4.
558 1455 589 1525 5,
609 1460 642 1519 5.
661 1457 692 1538 7,
715 1460 767 1522 13·
786 1461 841 1532 -11,
866 1456 917 1520 16.
941 1459 992 1526 19,
1007 1449 1187 1528 morengi-

110 1543 201 1596 tasse
221 1533 298 1596 inde
320 1542 471 1622 apparet,
500 1533 586 1620 quod
605 1535 632 1596 ii
652 1535 903 1600 christianorum
922 1534 959 1598 iu
978 1547 1063 1598 terra
1085 1531 1188 1598 adhuc
1298 1533 1301 1543 '

114 1620 317 1683 versantium
336 1641 354 1682 e
376 1641 514 1706 quorum
533 1623 626 1682 coetu
644 1621 710 1705 ipsi
730 1642 856 1708 quoque
878 1622 1000 1702 egressi
1012 1627 1187 1696 surit‚·cu·

116 1725 187 1768 ram
217 1715 333 1785 gerunt
362 1705 570 1791 potissimam
601 1725 719 1792 eosque
737 1701 878 1792 fratres
909 1727 986 1769 suos
1006 1706 1188 1769 nominant.

119 1787 197 1878 ἄρτι
217 1790 347 1877 ἐγένετο
368 1789 451 1878 jam
471 1785 596 1878 effecta.
612 1799 666 1852 est
686 1791 797 1870 salus„
823 1803 967 1877 potestas
991 1805 1190 1876 regnumque

116 1876 173 1939 dei
194 1875 394 1962 Messiamque
413 1876 605 1962 imperium,
625 1876 662 1937 in
682 1878 773 1939 coelo
794 1885 911 1963 nempe
930 1870 998 1972 jam
1010 1873 1190 1963 perfectum

17 1979 25 1993 ·
116 1973 305 2049 ratumque,
336 1972 372 2023 ut
393 1981 473 2023 mox
493 1962 529 2023 in
549 1971 634 2024 terra
657 1981 782 2048 quoque
803 1975 952 2049 appareat
973 1957 1125 2050 (v.12.)3
1155 1957 1191 2020 id

118 2047 208 2134 quod
242 2047 307 2109 alia
336 2067 464 2146 quogue
490 2039 589 2142 hujus
622 2051 748 2126 generis
770 2049 886 2126 effata,
920 2058 958 2110 ut
988 2057 1119 2124 11,15,
1148 2043 1189 2106 de

7 2169 13 2176 ·
116 2155 219 2213 regno
248 2131 364 2194 divino
395 2155 433 2198 m
464 2131 555 2194 coelo
584 2135 759 2203 constituto
790 2136 889 2220 inque
921 2143 1009 2196 terre
1036 2131 1189 2218 proxime

116 2217 312 2282 stabiliendo
341 2215 555 2298 intelligenda
582 2237 653 2280 esse
679 2230 848 2282 anonstrat.
897 2218 1030 2282 Satanas·
1054 2218 1110 2279 hic
1128 2235 1191 2277 oc-

117 2311 260 2367 cusator
287 2295 421 2380 dicitur‚
452 2303 588 2366 notione
616 2299 726 2367 eadem
753 2301 821 2368 sere
842 2325 903 2392 quo
924 2297 1102 2390 διάβολος,
1133 2297 1195 2370 sed(

117 2387 265 2454 nominis
283 2381 395 2488 'forma
423 2375 574 2476 κατήγωρ
607 2390 668 2466 (sic
698 2390 870 2470 legendum
899 2413 972 2454 cum
999 2387 1069 2451 cod.
1089 2382 1190 2449 Alex.

45 2544 51 2565 .
118 2497 181 2562 pro
207 2467 405 2560 κατηγορος)
436 2495 570 2558 prorsus
598 2476 756 2539 rabbinica
784 2491 894 2554 *tastup
924 2471 980 2556 (cl.
1001 2473 1100 2538 Buxt.
1122 2472 1191 2536 lex.
1232 2518 1235 2529 .
1315 2484 1317 2491 ⁴

109 2583 154 2646 p.
168 2569 264 2633 2000.
283 2573 316 2622 et
333 2560 405 2620 loca
425 2579 520 2644 quam
540 2560 681 2646 plurima
702 2549 951 2647 apud'Schttttg.
971 2558 1015 2622 atl¹
1031 2561 1066 2622 h.
1077 2559 1128 2639 1.),
1149 2577 1192 2620 ex
1282 2580 1284 2590 ·

116 2637 303 2732 κατήγορος
315 2643 490 2722 decurtata,
507 2657 543 2707 ut
551 2636 720 2711 itiaouex
728 2637 892 2726 ‹teci-uoces.
920 2646 1191 2710 Ceterumnotum
1254 2681 1256 2688 ›

118 2719 188 2809 est,
220 2729 358 2793 Judaeos
386 2730 526 2793 seriores
552 2731 754 2810 insontium,
788 2751 868 2818 quae
892 2730 1060 2807 videntur,
1082 2724 1192 2790 infor-

116 2818 211 2880 tunia
229 2817 392 2879 immerita
410 2814 449 2878 ad
471 2837 597 2880 causam
614 2830 818 2880 revocaturos
835 2815 984 2882 Satenam
997 2817 1072 2902 pios
1084 2834 1192 2876 coram

119 2903 183 2966 deo
198 2904 512 2972 contiuuoaccusare
529 2904 650 2984 lingere
663 2902 734 2990 Job.
747 2915 776 2974 1.
789 2913 820 2974 2.
842 2899 981 2981 Zach.3‚
994 2915 1024 2973 1.
1038 2911 1069 2972 2.
1089 2897 1193 2977 1Ghr‚

108 2999 175 3064 91,
198 2999 228 3059 1.
246 2999 374 3073 praeter
395 2989 555 3050 rabbinica
573 2989 644 3050 loca
664 2991 741 3052 satis
763 2999 852 3052 nota.
875 2983 971 3056 αὐτοι
992 3008 1026 3050 v·
1047 2996 1099 3056 11·
1124 3005 1194 3046 11011

62 3133 66 3139 .
108 3072 163 3134 ad
184 3074 316 3153 angelos
337 3071 507 3136 Michaelis
536 3095 568 3136 v.
593 3085 624 3146 8.
646 3083 678 3147 9.
706 3068 909 3139 referendum
941 3093 1028 3149 esse,
1068 3069 1125 3132 sed
1153 3068 1195 3130 ad
1249 3111 1254 3127 .
1316 3063 1318 3073 ’

121 3159 318 3221 christianos
339 3179 372 3220 vt
388 3171 445 3236 10,
467 3179 579 3222 sensus
601 3157 703 3224 docet.
755 3159 825 3244 ῌοο
847 3161 935 3222 enim
955 3155 1113 3220 sibi‘vult
1134 3175 1195 3216 va·
1301 3225 1304 3234 Ι

109 3255 190 3306 ¹tes:
226 3244 427 3318 christianos
441 3265 525 3307 ¹vere
555 3245 650 3331 pios,
681 3247 857 3308 maximam
884 3255 1010 3331 partem
1037 3234 1105 3336 jam
1126 3241 1196 3302 vita
1234 3274 1236 3280 ·

46 3393 48 3400 ,
109 3322 269 3406 iunctos,
298 3331 529 3392 calamitatibus
550 3351 627 3418 quas
650 3330 783 3394 Satanae
804 3331 994 3393 accusatoris
1016 3341 1049 3389 et
1069 3325 1196 3389 delato-

122 3415 171 3476 ris
191 3413 365 3477 inimicitia
384 3418 553 3494 movebat,
582 3419 704 3480 virtute
728 3413 784 3498 sita
813 3417 993 3502 praeceptis
1023 3413 1196 3497 exemplo-

123 3519 187 3586 que
208 3499 331 3562 Christi
350 3503 475 3564 firmata
495 3499 582 3564 haud
601 3505 819 3581 succubuisse3
840 3524 919 3589 quae
942 3503 1014 3587 ipsa
1034 3499 1141 3561 virtus
1163 3506 1197 3558 et

123 3587 308 3648 constantia
328 3585 477 3650 Satanam
498 3585 536 3647 ad
557 3586 707 3652 Messium
729 3582 798 3686 ejus
816 3601 978 3651 auctorem
998 3603 1197 3672 persequen-

124 3670 202 3732 dum
227 3669 402 3736 adduxisse
423 3670 564 3758 putanda
583 3680 642 3736 es't.
684 3673 777 3759 Quae
798 3687 904 3736 tamen
925 3675 979 3734 hic
1002 3673 1042 3732 ob
1063 3668 1197 3730 christi-

82 3779 86 3789 ·
123 3776 206 3818 anos
232 3755 335 3838 magis
367 3769 436 3821 tum
464 3759 645 3836 viventes‚‘
661 3763 725 3845 qut
737 3771 775 3822 ut
795 3760 850 3844 pie
871 3755 1095 3822 defunctorum
1112 3775 1198 3815 con-

123 3841 276 3905 stantiam
298 3841 496 3906 aemulentui
513 3844 717 3924 instigantur,
736 3847 782 3906 ita
804 3845 888 3906 dicta
910 3863 980 3907 esse
995 3851 1092 3926 patet.
1136 3837 1197 3900 Sa·-

125 3937 235 3991 tanam
265 3929 412 3991 vicerunt
428 3947 430 3958 ·
432 3948 499 4014 per
530 3929 739 4016 sanguinem
761 3926 894 3994 Christi
902 3975 910 4006 ,
948 3948 1020 3990 rem
1045 3924 1199 3988 christia·
1288 3982 1290 3990 ,

124 4033 202 4075 nam
224 4010 348 4076 Christi
368 4027 490 4090 morte,
519 4035 599 4100 quae
620 4028 653 4078 et
672 4017 754 4100 ipsis
774 4016 962 4098 exeruplum
984 4023 1067 4088 erat,
1087 4013 1208 4072 firme⁴

126 4110 194 4164 tam
214 4093 276 4185 (cf.
300 4111 328 4177 1,
350 4107 380 4170 5.
402 4107 432 4178 5,
455 4109 486 4172 9.
510 4115 543 4162 et
564 4121 613 4186 pr.
634 4113 665 4180 7,
687 4097 759 4185 14.)
782 4112 815 4163 et
835 4097 1033 4163 doctrinam
1054 4093 1198 4169 Christi,
