2840 4690
248 337 322 408 132
438 323 465 393 t.
497 295 762 392 Prooemium·
804 319 890 416 cap.
911 302 1136 423 3‚·1[5}·-19.'

15 603 16 610 Ν
146 573 150 576 ,
249 513 377 596 pers.
405 503 574 594 resecr.
596 517 647 577 ro.
681 503 766 594 apr.
785 489 828 582 l.
848 489 941 596 sao.
963 504 1080 580 9211·
1116 479 1187 567 0612
1211 503 1330 582 ‘rtis‘
1358 596 1361 605 Ι
1400 491 1401 506 '

250 593 385 660 Asceus.
411 593 474 656 Jes.
494 587 525 667 9⁹,
545 602 570 661 5·
588 613 673 680 sqq..
704 591 760 654 sed
789 589 953 654 Christum
978 588 1047 688 jam
1074 591 1161 654 inter
1186 589 1331 655 Judaeos

254 691 357 744 ortam
388 675 564 765 reperisse,
606 677 731 740 nobilis
760 676 852 740 docet
879 678 970 740 locus
1001 675 1199 754 Enoch.'l18‚
1227 681 1330 748 3-7.

212 807 214 813 ·
253 767 307 830 cll.
328 773 380 842 61,
403 777 453 834 10.
474 765 529 825 ubi
551 761 687 825 Messias
715 761 790 824 inde
821 763 987 826 a'tnundo
1020 762 1150 824 condito
1170 760 1363 825 occultas⁴
1401 778 1402 832 }

252 849 353 916 luisse
380 851 516 922 dicitur3
552 850 786 934 cohaerentque
807 849 868 910 hae
896 849 986 910 ideae
1016 869 1087 910 cum
1107 850 1245 910 notione
1268 845 1333 912 eod
1401 845 1402 876 ³

101 1001 105 1010 ,
195 1001 203 1011 ,
254 930 355 1029 λόγου
383 935 443 1001 τοῦ
463 932 568 1011 θεοῦ,
605 933 660 1020 qui
683 937 807 1018 primus
836 928 1000 1034 deijussu
1023 944 1146 996 creatus
1170 927 1333 996 muudum

248 1020 371 1086 deinde
390 1021 460 1106 ipse
482 1017 602 1080 creavit
622 1017 763 1094 Hebr.1‘‚
784 1029 816 1091 2.
838 1014 879 1080 cs.
900 1014 987 1082 infra
1004 1017 1043 1080 ad
1066 1027 1116 1104 19,
1137 1024 1188 1090 11·
1233 1015 1331 1098 Quae

196 1147 198 1157 ·
257 1127 370 1170 ornnes
389 1108 539 1167 notiones
561 1125 579 1166 e
600 1125 663 1188 quo
691 1107 898 1190 potissimum
923 1101 1015 1166 sonte
1045 1103 1203 1166 fluxerint
1232 1097 1333 1166 facile

194 1263 195 1266 Ἴ
255 1201 399 1280 apparet.
433 1187 579 1270 Angelos
601 1190 689 1251 enim
710 1211 772 1275 quo
795 1202 870 1254 sunt
892 1190 1098 1252 sublimiores
1121 1201 1154 1252 et
1173 1184 1333 1276 perfecti-

162 1343 165 1351 ,
258 1299 347 1354 ores,
370 1298 432 1364 quo
445 1277 616 1362 propiores
636 1273 714 1354 deo,
731 1297 770 1338 eo
791 1277 883 1363 prius
904 1276 1018 1352 creati,
1040 1275 1129 1367 quasi
1144 1295 1223 1362 quae
1237 1276 1333 1362 prius
1402 1331 1403 1344 ,

172 1397 193 1436 .Ι
257 1361 358 1428 edeo
379 1359 686 1428 emanaverunt'deo
708 1362 775 1422 sint
792 1362 953 1447 proxima.
979 1363 1023 1408 -ἑ
1065 1359 1111 1422 V.
1128 1367 1179 1430 15.
1209 1358 1335 1424 Homi-

258 1467 333 1512 nem
360 1469 418 1509 nec
446 1447 524 1507 satis
556 1446 711 1530 impium,
742 1455 778 1506 ut
802 1448 930 1526 gravius
950 1445 1089 1508 accusari
1110 1445 1244 1532 ipseque
1268 1445 1335 1508 sibi

169 1561 187 1570 ‘¹
285 1529 491 1595 cenitenduru
512 1550 580 1592 esse
602 1533 723 1592 sentire
744 1543 857 1618 queat,
888 1553 946 1594 nec
975 1531 1055 1593 satis
1079 1541 1263 1606 strenuum,
1297 1541 1335 1592 ut

168 1655 173 1669 κ
259 1557 382 1680 iirddari
412 1618 535 1704 possit,
575 1617 656 1678 bene
685 1615 764 1677 dicit
791 1637 852 1679 nec
869 1611 1055 1703 frigidicm
1085 1614 1135 1702 (ut
1155 1614 1261 1678 ordor
1283 1629 1338 1678 est

143 1713 173 1752 Γ
259 1703 401 1792 studium
420 1715 454 1766 et
473 1696 581 1788 vigor)
603 1722 660 1764 nec
673 1695 875 1786 fervidum,
910 1699 966 1769 scd
988 1696 1160 1786 tepidum,
1203 1703 1335 1790 qualem

258 1793 397 1874 Rabhiui
418 1792 513 1884 '0'th
533 1801 685 1873 medium
712 1817 829 1870 vocant
857 1799 898 1868 cf.
920 1803 1065 1885 Schb'ttg.
1094 1795 1336 1892 utquo‘aquun
1403 1824 1404 1858 t

259 1894 402 1980 tepidam
425 1895 465 1954 ob
491 1891 611 1954 malum
633 1909 780 1976 saporem
802 1887 1007 1964 evominins,
1036 1889 1081 1952 sic
1102 1887 1251 1955 Christus
1272 1891 1336 1952 du-

259 1965 531 2044 bierru‘ecclesiarrr
552 1971 636 2038 serre
656 1979 784 2062 nequit,
803 1990 832 2038 ‘e
854 1975 976 2052 vicinia
998 1995 1055 2036 sua
1074 1976 1188 2062 pellit,
1204 1972 1337 2040 'favore

286 2068 386 2142 rivat,
420 2061 504 2124 ruod
533 2061 673 2142 imagine
706 2072 742 2129 ut
769 2083 865 2146 supra
892 2071 923 2136 2,
944 2067 976 2130 5.
1000 2061 1195 2146 exprimitur
1215 2056 1265 2147 ¹).
1291 2095 1335 2107 —

260 2089 308 2214 bf.
330 2160 380 2224 17.
411 2088 556 2212 liiuitiae
587 2167 664 2234 quas
693 2168 729 2210 se
760 2145 928 2234 possidere
949 2143 1109 2230 cogitant
1130 2145 1268 2232 (λέγεις,
1298 2157 1336 2208 ut

261 2257 358 2340 belg,
392 2251 481 2340 φημί
502 2245 722 2338 saepissime),
754 2261 791 2312 ut
813 2249 1227 2336 oppositosinyrnensium
1251 2272 1337 2338 pau-

261 2351 368 2428 pertas
390 2350 420 2416 2,
442 2349 473 2412 9.
507 2338 639 2423 proprie
668 2337 706 2400 de
737 2338 852 2422 opibus
875 2337 1077 2404 terrestribus
1105 2337 1338 2416 intelligendae

252 2435 355 2490 sunt:
377 2435 408 2488 at
428 2446 462 2486 re
486 2424 629 2508 penitius
651 2422 796 2507 inspecta
811 2433 901 2485 erant
922 2420 975 2492 illi
996 2413 1154 2504 inselipee
1176 2432 1208 2482 et
1228 2420 1339 2482 mise·

263 2507 369 2574 randi
375 2553 384 2583 ,
399 2527 571 2592 pauperes
587 2509 744 2570 virtutum
764 2507 905 2569 thesauri
927 2506 1067 2580 aeterni,
1087 2502 1176 2567 coeci
1198 2507 1338 2568 salutem

263 2615 353 2658 suam
381 2615 489 2655 veram
518 2591 701 2672 ignorantes
730 2603 763 2656 et
792 2589 899 2666 nudi,
930 2611 1017 2653 vero·
1040 2591 1195 2654 virtutum
1220 2591 1338 2654 decore

263 2679 428 2755 destituti,
451 2673 585 2740 infamia
601 2677 718 2742 notati.
765 2674 868 2757 Igitur
889 2676 1023 2761 pulchre
1043 2669 1108 2770 jam
1130 2696 1162 2741 v.
1178 2688 1228 2746 18.
1241 2700 1339 2763 *quo-

264 2765 360 2828 modo
383 2766 448 2826 acri
471 2765 628 2826 virtutum
644 2761 894 2841 ¹christianarum
915 2751 1007 2848 (παρ’
1029 2755 1134 2846 ἐμοῦ)
1148 2762 1255 2824 studio
1279 2763 1336 2823 vi-

264 2852 310 2914 tia
340 2851 418 2914 haec
450 2847 645 2926 emendanda
660 2861 711 2922 -et,
727 2869 831 2915 verae,
848 2847 984 2910 divitiae
1006 2847 1236 2931 recuperandae
1257 2849 1338 2924 sint,

160 3012 168 3028 .
264 2933 382 2998 iisdem
412 2937 606 3015 imaginibus
633 2937 806 2997 inhaerens
841 2931 999 3020 exprimit
1032 2943 1132 2994 vates.
1159 2981 1172 2994 .
1194 2933 1339 3000 Aurum

193 3047 197 3055 “
265 3036 485 3124 exploratam
506 3021 847 3126 (nupia-LXX..pro
870 3039 944 3122 Uti,
965 3031 1174 3122 liquefacere,
1200 3056 1339 3120 purgare

161 3149 167 3158 ·
195 3148 204 3153 -
264 3119 354 3206 igne)
377 3121 460 3207 igne
481 3121 545 3186 Jes.
563 3138 591 3200 1,
613 3133 666 3194 95.
693 3123 771 3185 Mal·
791 3133 821 3195 3.
842 3132 874 3191 2·
894 3131 926 3189 3.
948 3121 1064 3182 alludit
1084 3121 1184 3183 simul
1203 3121 1244 3182 ad
1265 3123 1339 3182 vir-

264 3220 365 3276 tutem
388 3209 550 3270 laboribus
572 3196 727 3271 obeundis
747 3203 1218 3292 probar1damcs.1Petr.1‚73
1242 3207 1340 3268 simi-

265 3293 342 3356 liter·
361 3306 464 3356 vestes
479 3297 545 3358 sint
561 3291 749 3364 candidae,
769 3292 869 3353 animi
889 3293 1008 3372 integri
1022 3304 1054 3353 et
1068 3291 1193 3354 candidi
1207 3291 1340 3371 signum

265 3390 323 3480 (cf.
351 3417 383 3457 v.
405 3401 480 3473 4.),
506 3405 541 3460 ht
568 3393 766 3460 ariditatem
788 3381 899 3482 (ΓΙᾉἺῺ
917 3391 1072 3481 infamia
1093 3394 1187 3472 simul
1210 3391 1292 3476 Heb·
1308 3406 1340 3473 2,

225 3543 226 3546 ,
267 3489 319 3552 15·
335 3477 399 3561 16.)
413 3478 558 3566 foedum
582 3490 727 3567 tegant3
759 3479 895 3568 denique
926 3503 1008 3566 opus
1037 3491 1087 3542 est
1116 3479 1254 3559 collyrio
1283 3501 1342 3542 seu

266 3566 430 3646 unguento
452 3567 490 3626 ad
512 3566 741 3652 lippitudinem
768 3567 933 3628 oculorum
956 3567 1200 3628 caecutientium
1221 3585 1342 3628 sanan-

264 3651 356 3726 dam,
377 3663 413 3712 ut
432 3646 568 3736 lippum
589 3649 820 3714 eodemmodo
844 3673 903 3737 pro
923 3647 1032 3736 futtuo
1053 3650 1131 3712 dicit
1149 3649 1229 3712 Hor.
1242 3661 1301 3711 sat.
1312 3649 1340 3727 I,

263 3745 369 3814 &25-
392 3759 442 3822 ep.
456 3737 482 3812 l,
499 3751 527 3814 1,
547 3745 600 3809 29.
623 3769 665 3782 -
720 3735 765 3798 V.
781 3747 830 3809 19.
869 3734 962 3820 Quae
990 3757 1061 3802 cum
1091 3737 1232 3798 acerbius
1255 3734 1341 3798 dicta

303 3911 332 3970 1)
349 3909 429 3965 tonsu
448 3905 470 3961 is
488 3905 525 3958 cs.
544 3905 628 3964 1Cor·
645 3911 671 3970 tt,
689 3910 716 3966 8.
734 3905 876 3968 QCor.11,
893 3915 918 3964 1.
937 3909 1017 3974 quasi
1041 3907 1122 3962 tostos
1140 3907 1276 3974 particula
1295 3912 1340 3965 sit,

338 3978 441 4030 dictum
460 3995 510 4044 pro
532 3979 576 4026 rtt'
596 3980 682 4038 ὤφελες
700 3975 771 4036 slsum
801 3977 838 4029 el.
860 3977 1016 4029 lierni..ad
1042 3979 1110 4046 Vig.
1129 3995 1156 4044 p.
1167 3984 1229 4039 ,758
1263 3979 1358 4032 Male.

164 4053 172 4062 ‘
247 4043 286 4098 .’
336 4048 401 4102 libri
418 4050 530 4117 quidam
549 4047 651 4102 habeut
670 4052 728 4109 ι’ίηςς
748 4065 811 4100 narn
829 4052 967 4114 optativus
984 4052 1080 4120 qubin
1097 4050 1339 4118 toroN.T.1justo

333 4125 423 4172 ratior
440 4132 497 4184 est,
515 4125 545 4173 iu
561 4121 731 4189 Apocalypsi
749 4136 892 4190 uunquam
908 4119 1021 4188 legitur.
1075 4131 1079 4141 '
