2802 4684
487 123 600 164 ‘A

95 424 98 434 Ι
171 285 417 399 H.Visioncs.
456 323 518 448 Hp
541 339 574 410 ρ,
602 301 606 332 “
615 323 657 400 Α·
671 351 702 398 ἃ.
725 272 868 425 {bapt
894 341 955 422 19,
972 309 1035 414 ,18
1085 284 1183 414 223³,
1357 262 1360 278 .

126 524 129 535 ·
166 511 503 593 b.12‚1'8-13‚10.
558 508 635 597 Quo
666 508 794 576 facilius
824 512 957 600 Satanas
976 517 1161 588 ,consilium

51 643 58 656 .
81 590 124 656 de
143 593 339 662 Christianis
360 595 559 670 debellandis
578 610 705 684 captum
726 609 826 670 v.17·
848 613 1056 688 exsequatur,
1085 599 1161 667 foe·
1188 647 1197 658 -
1234 611 1237 625 ’

82 680 144 744 dus
173 683 265 768 quasi
293 675 401 777 jungit
429 706 501 746 cum
522 681 670 747 Romano
695 685 835 772 imperio
857 681 991 781 ejusque
1013 686 1161 775 Impera·
1252 692 1255 702 ’

80 777 154 838 tore
186 771 394 854 potissimum
413 768 562 859 Nerone.
608 769 701 834 Huic
729 783 833 834 totam
861 793 951 836 suam
977 775 1159 859 potentiam

80 854 258 941 odiumque
294 877 364 919 acre
399 855 549 933 mandat,
592 857 648 942 qui
680 857 754 919 loco
790 850 860 954 ejus
891 859 929 922 in
962 861 1159 926 christianos

79 941 218 1002 saeviat.
267 941 443 1028 Proditque
463 941 565 1023 igitur
584 943 665 1004 alter
687 940 814 1004 Christi
835 941 1158 1034 christianorumque
1199 959 1203 975 ³

78 1024 237 1088 inimicus
273 1029 486 1110 gravissimus
520 1027 670 1090 draconis
696 1023 841 1092 referens
871 1032 1052 1115 potentiam
1085 1030 1158 1096 for-

77 1133 250 1200 mamque,
282 1114 351 1178 nisi
378 1112 464 1218 quod
493 1111 580 1177 inter
601 1109 755 1176 homines
775 1127 921 1177 versatur
942 1116 1060 1203 cuique·
1077 1141 1158 1182 con-

78 1198 288 1284 spiciendus,
321 1213 357 1262 ut
384 1205 534 1262 batanam
555 1197 737 1262 inimicum
769 1199 948 1279 occultum,
982 1202 1069 1266 hunc
1095 1205 1157 1267 illo

79 1280 162 1346 duc'e
183 1295 215 1348 et
233 1283 361 1348 auctore
382 1294 529 1372 apertum
548 1281 645 1345 dicae.
703 1281 797 1370 Quae
818 1285 948 1373 quidem
968 1288 1057 1351 fictio
1080 1290 1158 1380 quid
1177 1295 1186 1354 Ἰ

77 1369 214 1433 tandem
244 1370 334 1434 aliud
362 1371 426 1432 sibi
447 1371 538 1446 vult,
571 1389 666 1456 quam
684 1366 824 1434 Romam
845 1371 1070 1462 Neronemque
1089 1387 1157 1440 tam
1244 1386 1252 1451 f

77 1475 213 1520 saevum
245 1469 278 1520 et
301 1459 477 1520 immanem
502 1451 634 1542 pietalis
653 1455 1160 1544 christianorumqueinimicum

78 1544 216 1620 sistere,
252 1554 289 1604 ut
315 1565 387 1607 cum
414 1543 581 1630 potentiae
607 1542 708 1602 totius
735 1543 802 1605 late
829 1563 888 1628 per
914 1555 1019 1609 totam
1037 1558 1158 1612 terram

77 1627 219 1691 diffusae
254 1622 423 1710 fastigium
462 1639 534 1690 tum
568 1627 771 1713 impietatem
812 1628 1029 1715 multiplicem
1062 1637 1158 1720 atque

77 1713 195 1778 odium
223 1721 286 1800 quo
311 1715 350 1778 in
369 1712 566 1786 christianos
584 1714 700 1794 flagret
720 1713 828 1778 dirum
851 1715 956 1802 obque
975 1719 1158 1804 potentiam

75 1801 174 1879 illam
201 1801 343 1864 maxime
370 1800 509 1864 noxium
536 1800 574 1861 ab
594 1799 670 1884 ipso
694 1797 831 1862 Soteira
851 1803 1013 1887 accepisse
1037 1816 1157 1890 putau-
1233 1836 1238 1842 ’

76 1885 140 1950 dus
162 1884 228 1948 sit?
250 1883 385 1949 Satanae
405 1880 531 1948 foederi
550 1883 636 1946 Nero
659 1887 750 1971 quasi
771 1885 881 1948 omnia
898 1884 1011 1966 debet,
1034 1901 1156 1974 poten-

74 1973 175 2049 tiam,
206 1973 351 2038 animum
364 1971 505 2049 elatum,
538 1969 592 2032 dei
611 1971 714 2031 sancti
733 1965 927 2058 virtutisque
947 1984 1157 2056 contemtum,

76 2058 193 2120 odium
222 2058 259 2122 in
280 2059 355 2144 pios
376 2056 591 2144 implacabile.
643 2051 684 2118 Iu
701 2056 773 2142 ipsa
794 2068 901 2154 auqem
921 2051 992 2153 ejus
1012 2061 1155 2142 imagine

75 2142 270 2206 delineanda
295 2143 365 2207 vati
396 2142 459 2206 duo
492 2139 701 2229 potissimum
729 2141 897 2226 spectanda
920 2159 1020 2208 erant.
1072 2147 1154 2212 Nam
1216 2155 1219 2164 ’

102 2231 222 2292 rimum
255 2240 437 2292 rnonstrum
467 2225 710 2292 describendum
740 2238 809 2289 erat
838 2222 977 2308 formam
1005 2228 1155 2296 draconis
1184 2241 1188 2252 “

74 2252 148 2378 Nare
176 2327 280 2378 totam
305 2309 465 2392 referens,
493 2325 530 2376 ut
557 2313 720 2378 Neronem
753 2313 843 2398 quasi
872 2315 987 2384 vivum
1019 2320 1154 2404 conspi-
1235 2373 1242 2383 ,,

74 2423 233 2488 cuumque
253 2421 405 2482 agnoscas
426 2400 594 2478 Satauam3
626 2395 704 2462 dein
724 2399 834 2479 signa,
867 2401 1152 2486 quibus'monstro

58 2489 142 2550 -hoc
172 2487 323 2550 Romam·
347 2485 571 2572 Neronemque
599 2485 833 2570 repraesentari
863 2485 1032 2565 innuatur,
1049 2555 1056 2568 .
1072 2491 1152 2554 satis

72 2573 188 2654 gravia
215 2568 427 2670 adjungenda.
458 2570 633 2636 aalma
659 2571 759 2651 igitur
785 2570 963 2652 imaginem
983 2584 1074 2636 vates
1095 2577 1151 2639 in-
1200 2599 1206 2616 ⁸
1241 2643 1244 2650 ,

73 2659 164 2721 ducit
191 2679 376 2741 congruam.
426 2653 526 2742 Quod
556 2655 644 2717 enim
670 2655 779 2741 poetis
807 2652 874 2741 q'am
900 2660 1041 2745 antiquis
1061 2661 1150 2725 haud

72 2745 249 2808 insolitum
280 2757 345 2820 est,
388 2754 508 2806 terram
538 2739 754 2825 imperiumne
777 2741 918 2828 ,aliquod
952 2745 1071 2807 bestiae
1102 2747 1151 2809 ibi

74 2830 305 2893 cornmorantis
330 2829 425 2910 signo
448 2840 563 2892 notare
584 2824 656 2908 (ΕΖ.
674 2837 727 2905 29,
745 2835 778 2898 3.
797 2825 851 2888 Ps.
866 2833 919 2906 74,
942 2839 995 2900 13.
1017 2829 1083 2893 Jes.
1096 2839 1151 2910 27,
1188 2857 1190 2861 ·

74 2927 108 2986 1.
129 2913 230 2986 4Esr.
252 2921 389 2986 11-14,
417 2907 459 2976 cf.
481 2915 580 2977 etiam
596 2907 713 2994 Enoch
734 2933 761 2974 c.
782 2916 920 2984 84-87,
939 2917 998 2977 ubi
1015 2913 1151 2980 Israeli-

72 3013 127 3064 tae
148 3002 338 3066 animalium
357 2995 497 3064 sormam
518 2997 658 3062 induunt
677 2994 882 3084 Davidesque
902 2997 996 3062 ories
1017 3015 1151 3066 vocatur
1179 3055 1187 3067 ,

71 3109 108 3172 p.
124 3082 237 3174 118.)‚
268 3086 353 3152 unde
383 3087 482 3150 etiam
512 3083 664 3148 animalia
682 3085 721 3155 ,in
741 3086 850 3146 numis
870 3083 1054 3172 sigillisque
1074 3109 1150 3169 reg-

70 3185 192 3236 norum
209 3173 305 3256 obyia
327 3183 402 3236 sunt
422 3172 583 3252 insignia3
611 3168 647 3231 id
667 3169 704 3234 in
723 3170 905 3233 visionibus
927 3183 1018 3234 vates
1043 3181 1150 3236 serto-

70 3278 126 3320 res
147 3260 192 3322 ita
215 3259 360 3329 ornatius
381 3255 533 3322 adbibere
548 3267 802 3332 consueverunt,
823 3265 859 3316 ut
876 3257 934 3318 sub
952 3251 1149 3320 belluarum

70 3343 238 3408 variarum
269 3338 406 3408 fortium
432 3345 574 3425 imagine
599 3363 697 3422 regna
727 3339 906 3404 describant
937 3341 1045 3404 variae
1083 3365 1149 3428 po-

70 3432 195 3492 tentiae
213 3441 350 3512 mugna3
377 3425 419 3493 cf.
441 3429 524 3493 Dan.
544 3451 571 3491 c.
588 3425 705 3497 7-4-12·
737 3425 795 3494 1Εῐ
814 3423 964 3490 Danielis
983 3428 1149 3514 imprimis
1197 3470 1202 3480 ι

72 3516 224 3597 vestigiis
256 3517 414 3580 insistens
449 3525 539 3579 vates
571 3514 711 3576 belluam
742 3509 892 3597 depingit
920 3522 1148 3593 monstrosam,

71 3599 222 3668 draconis
243 3598 381 3664 soranam
402 3598 614 3678 referentem,
634 3595 825 3662 animalium
848 3591 1004 3677 fortium,
1032 3601 1148 3686 quibus

71 3685 192 3750 Daniel
223 3709 322 3770 regna
349 3708 465 3770 magna
484 3685 712 3770 descripserat,
738 3683 920 3774 potentiam
940 3685 1148 3770 insigniaque

71 3773 251 3836 sociantem
278 3770 328 3859 (ut
347 3771 531 3849 Romanum
557 3771 734 3858 imperium
758 3769 859 3832 totius
879 3779 1038 3850 terrarum
1060 3771 1148 3832 orbis

70 3859 214 3922 irmnane
239 3860 422 3939 innuatur),
451 3859 601 3944 signique
628 3857 743 3943 quibus
765 3853 904 3918 Romam
924 3854 1149 3942 Neronemque
1227 3875 1228 3884 ¹

70 3965 245 4024 agnoscas,
268 3946 346 4008 satis
365 3947 487 4032 apertis
502 3943 700 4006 instructam.
742 3937 935 4030 Quanquam
951 3941 1040 4008 enim
1049 3938 1148 4003 Nero

71 4031 163 4092 solus
193 4042 242 4092 est
262 4027 442 4116 Imperator
462 4028 600 4092 crudelis
621 4037 653 4090 et
674 4029 826 4090 immanis
849 4027 905 4112 qui
926 4025 1061 4089 Satanae
1083 4047 1146 4110 ope

70 4137 157 4179 nunc
187 4113 393 4180 Christianos
427 4112 579 4194 infestat,
618 4115 648 4176 is
681 4123 791 4176 tamen
817 4133 888 4174 cum
916 4109 1020 4175 Roma
1050 4110 1144 4189 Urbe,
1176 4129 1182 4140 “
