2774 4688
149 253 153 262 ι
236 289 315 364 314
399 275 485 350 ·Π.
509 271 690 348 Visiones·
713 275 774 349 111.
795 285 831 360 3.
860 199 948 376 Gali.
965 271 1107 394 217‘173

235 426 451 568 sqldndorem·
462 459 572 540 decet,
590 479 737 562 auream
744 481 757 539 3
772 455 821 552 cs.
838 459 879 526 td
900 473 951 541 11,
972 473 991 536 1
1013 485 1046 552 p.
1069 453 1140 542 1'94.
1183 464 1245 532 Ex
1267 480 1339 532 mu·

234 553 287 616 brs
308 551 579 642 demerrsioney.
601 553 654 618 16.
681 569 824 634 prrmum
851 549 975 627 elucet,
1006 571 1077 616 enin
1194 559 1337 618 ratane

234 641 332 702 sitam
353 655 442 710 esse,
459 645 499 702 nt
520 655 587 731 qam
617 653 650 696 v.
670 643 721 704 13.
747 633 960 716 significatum
981 647 1059 700 erat.
1133 658 1189 700 sec
1226 642 1334 704 enirn

112 725 126 742 '¹
232 719 340 786 foruna
361 722 406 801 (si
427 715 516 805 forte
530 715 718 782 rotundam
738 720 902 806 excipias,
936 742 1018 808 quae
1043 725 1080 786 in
1107 725 1227 786 urbem
1248 747 1331 789 non

161 813 166 818 '
233 809 316 873 bene
336 807 435 890 cadit)
454 807 596 896 aequalis
615 815 651 866 et
673 815 758 868 recte
780 825 911 882 curvae,
933 807 1061 894 qualem
1073 807 1240 894 plurimae
1264 831 1332 872 ur-

191 956 197 982 4
233 897 292 958 bes
311 903 510 967 monstrent,
531 891 684 978 opposita
705 885 941 977 perfectissimo
961 905 1026 970 est,
1057 915 1151 982 quun
1172 894 1330 960 eandem

120 1051 122 1056 ,
232 979 291 1044 Ec.
311 985 365 1053 43,
387 986 438 1050 16.
460 989 512 1049 17·
533 985 583 1052 tn
597 987 628 1050 2.
650 981 769 1048 iti-16·
791 987 834 1048 17
854 975 1082 1042 delineaverot.
1123 979 1227 1043 Urbis
1243 1003 1331 1046 am-

131 1055 134 1068 ’
196 1099 202 1114 1
230 1067 318 1132 bitus
341 1061 518 1130 stadiorum
537 1061 707 1126 duodecim
727 1061 834 1130 millia
853 1063 1094 1150 complectitur,
1126 1078 1164 1130 ut
1197 1061 1329 1164 cujus-

169 1176 173 1196 ,
233 1153 287 1216 vis
310 1153 413 1215 tribus
435 1149 581 1232 singulae
602 1148 694 1228 regio
715 1149 809 1212 mille
828 1147 931 1212 studia
948 1149 1174 1238 arnplectatur3
1204 1173 1328 1240 neque

233 1239 322 1302 enirn
342 1237 492 1312 dubium,
514 1235 594 1322 quin
610 1245 701 1296 vates
720 1233 759 1296 ad
780 1233 883 1298 tribus
905 1233 1074 1300 duodecim
1105 1255 1139 1299 v.
1167 1247 1225 1308 12.
1258 1240 1322 1302 cll.

231 1331 263 1400 7,
285 1327 370 1393 4-0
397 1321 587 1406 respexerit.
637 1315 784 1400 Ceterum
808 1313 907 1416 junge
938 1313 1003 1388 o'v
1035 1313 1138 1388 πόλιν
1163 1313 1320 1404 (πόλιν)

232 1401 355 1477 δώδεκα
381 1399 538 1497 χιλιάὰον
563 1397 684 1468 urbem
711 1425 850 1467 mensur
878 1413 932 1468 est
959 1345 1133 1472 duodecim
1161 1407 1321 1474 millium

231 1493 413 1558 studiorum
430 1498 488 1566 (sc.
507 1492 638 1565 urbem,
658 1501 693 1551 ut
712 1509 746 1550 v·
769 1494 834 1565 17),
864 1500 901 1552 ut
921 1493 1019 1556 verba
1038 1494 1220 1580 praemissa
1252 1497 1320 1562 ἐπὶ

231 1578 386 1652 oaddlovc
405 1575 455 1642 od
474 1571 611 1652 stadio,
630 1593 649 1636 e
670 1571 867 1640 stadiorum
886 1596 1072 1652 mensuro,
1098 1601 1157 1664 per
1184 1599 1223 1642 se
1244 1601 1321 1665 po-

126 1720 129 1726 .
231 1669 294 1730 situ
314 1665 454 1752 putanda
475 1663 560 1736 sint3
580 1669 748 1745 certeque
776 1659 840 1722 alia
868 1662 995 1726 ratione
1027 1665 1125 1727 verbu
1144 1666 1318 1750 explicari

230 1763 349 1840 queant
368 1771 436 1820 nen
455 1757 606 1834 apparet,
626 1766 698 1810 cunr
719 1743 852 1808 Wablii
874 1747 956 1808 clav.
978 1770 1011 1836 p·
1029 1757 1105 1820 307.
1125 1770 1168 1814 ex
1192 1751 1316 1816 licatio

230 1839 336 1900 aliens
357 1837 411 1898 sit.
451 1833 602 1920 Denique
623 1851 665 1894 ex
685 1829 971 1896 hostimentum
992 1846 1133 1920 apparet,
1188 1837 1314 1900 titudi-

228 1945 306 1989 nem
327 1922 435 1997 urbis,
464 1919 506 1984 de
527 1938 588 2006 qua
606 1913 778 1984 dicendum
798 1928 917 1995 restat,
936 1918 1137 2000 longitudini
1163 1932 1199 1984 et
1228 1923 1314 1986 lati-

226 2007 336 2074 tudini
357 1999 427 2104 ejus
445 2027 556 2092 parem
572 2023 655 2066 este.
698 2000 791 2085 Quae
811 2005 909 2066 verbs
924 2003 1060 2069 mitrime
1082 2007 1146 2070 hoc
1162 2007 1310 2088 signant,

225 2098 338 2158 urbem
371 2091 411 2156 sd
445 2101 552 2164 12000
582 2086 770 2152 stadiorum·
788 2082 995 2154 altitudinem
1021 2111 1216 2172 exsurgere3
1250 2095 1307 2158 sed

227 2181 457 2254 benetentum,
490 2174 695 2240 altitudinem
714 2173 804 2261 urbis
834 2173 1003 2240 latitudini
1031 2190 1064 2240 et
1088 2177 1304 2258 longitudini,

127 2273 131 2282 '
226 2277 305 2354 quas
326 2284 419 2362 pares
440 2284 513 2326 esse
525 2259 647 2326 dictum
667 2271 754 2337 erat,
771 2261 819 2322 ita
838 2260 1050 2346 respondere,
1078 2273 1115 2324 ut
1134 2274 1207 2326 toto
1229 2269 1301 2328 urbe

225 2353 316 2438 quasi
336 2346 519 2414 aedilicium
539 2347 595 2422 vel
615 2346 791 2430 templum,
819 2339 910 2444 cujus
940 2347 1077 2410 altitudo
1098 2349 1298 2431 longitudini

130 2469 133 2476 .
226 2450 260 2502 et
280 2436 448 2521 latitudini
463 2433 605 2522 aequalis
626 2452 696 2494 esse
717 2441 842 2516 potest,
862 2443 1007 2496 sonetum
1021 2433 1180 2496 videatur.
1203 2434 1292 2498 Cum·
1366 2471 1367 2478 κ

246 2545 289 2586 ue
308 2521 477 2584 duodecim
495 2520 638 2584 suillium
651 2537 805 2580 uumerus
825 2517 910 2582 haud
928 2515 1023 2582 dubie
1043 2515 1223 2585 anditum
1241 2542 1286 2584 ur·

155 2606 160 2614 '
222 2545 276 2672 dis
297 2604 498 2694 quadratae,
520 2611 632 2667 tetum
661 2603 839 2682 significet,
871 2604 1008 2666 altitudo
1034 2613 1189 2690 quotuor
1219 2603 1291 2668 mit-

223 2693 314 2758 lt’nm
334 2689 502 2774 cogitanda
523 2699 618 2754 esset.
672 2685 765 2770 Quae
793 2690 900 2769 imago
932 2691 1010 2752 satis
1032 2689 1164 2774 quidem
1185 2711 1296 2771 magna
1365 2717 1366 2756 1

146 2795 151 2802 ·
223 2791 257 2844 et
271 2791 456 2843 monstrosa
474 2778 542 2840 iere
563 2787 636 2850 este·
654 2773 709 2836 sed
730 2786 839 2838 vatem
859 2775 915 2836 hic
935 2773 1048 2838 sedulo
1068 2776 1182 2838 urbem
1202 2798 1295 2862 pror-

222 2885 276 2928 sus
298 2885 419 2928 novam
438 2873 475 2924 ut
495 2861 632 2926 maximi
650 2861 787 2923 ambitus
805 2861 853 2924 ita
869 2859 1052 2922 altitudinis
1066 2861 1224 2924 insolitae
1240 2861 1294 2923 de-

222 2951 361 3016 scribere
382 2959 585 3035 reputemus3
605 2948 826 3032 imaginesque
847 2957 881 3008 et
903 2945 962 3010 has
984 2957 1017 3009 et
1037 2956 1157 3010 ceteras
1184 2948 1223 3012 in
1244 2968 1295 3008 se·-

222 3038 330 3100 ctione
350 3036 411 3098 bae
430 3033 568 3118 aliisque
588 3033 666 3096 libri
685 3025 783 3129 hujus
804 3031 916 3095 obvias
938 3033 1082 3096 nolimus
1111 3031 1150 3094 ad
1173 3033 1225 3094 rei
1245 3027 1293 3094 se-

221 3133 289 3185 ctue
312 3123 479 3186 veritatem
499 3119 648 3200 exigere;
665 3120 766 3182 'certe
787 3119 883 3180 verbe
913 3118 983 3203 ipsa
1003 3115 1098 3180 aliter
1123 3113 1154 3201 ι)
1184 3119 1294 3203 expli·

221 3208 286 3272 caci
307 3229 349 3270 ne
371 3217 480 3282 neunt,
502 3215 536 3268 et
555 3205 679 3268 similia
699 3215 879 3277 cominente
898 3223 931 3265 v·
941 3201 1028 3266 Baba
1048 3205 1125 3264 batt.
1146 3197 1172 3263 f.
1187 3213 1241 3278 75,
1259 3215 1291 3274 2.

220 3305 254 3356 et
282 3314 333 3378 ap.
351 3231 559 3370 binnmeng.
587 3287 661 3352 tud.
692 3287 733 3352 Τ.
754 3299 787 3361 2.
818 3311 851 3374 p.
872 3299 936 3360 830
956 3310 1026 3376 sqq.
1053 3271 1290 3374 apprime'huc
1364 3285 1365 3334 l

201 3383 362 3464 *pertinet
384 3377 472 3439 locus
490 3397 508 3438 a
529 3374 651 3438 Wetst.
673 3369 868 3464 (quenquam
894 3374 949 3436 hic
973 3395 1011 3436 eo
1030 3395 1098 3436 non
1119 3375 1199 3436 bene
1219 3373 1289 3436 uta-
1364 3373 1365 3419 l

221 3463 287 3544 tur)
309 3465 441 3526 allatos:
470 3461 648 3524 Jerusalem
667 3471 814 3559 ternpore
834 3456 942 3522 futuro
965 3457 1151 3520 dilatabitur
1178 3470 1210 3522 et
1228 3481 1289 3521 ex-

219 3545 410 3624 altabitur,
444 3560 479 3608 ut
495 3544 683 3632 pertingat
703 3563 810 3632 neque
830 3542 878 3606 od
899 3541 1063 3606 thronum
1081 3541 1230 3629 gloriae.
1246 3578 1289 3590 -

96 3659 104 3664 ·
220 3633 267 3699 V.
290 3643 425 3705 17-20,
446 3630 689 3706 Murialtitudo
712 3651 885 3692 enumero
907 3631 972 3698 isto
997 3633 1058 3698 144
1079 3629 1136 3714 qni
1156 3631 1219 3705 7,4
1237 3623 1288 3690 of-
1363 3693 1364 3714 χ

217 3715 300 3796 fuit,
324 3719 493 3794 delinitum
514 3740 573 3782 nec
595 3737 676 3864 equs
698 3726 811 3778 estex
834 3735 867 3777 v.
886 3721 927 3784 16
948 3704 1104 3801 χιλιάδων.
1124 3725 1200 3800 post
1216 3738 1285 3802 oao-

93 3817 96 3824 ’
221 3796 329 3888 odeum
346 3805 520 3900 supplere.
576 3797 609 3865 A
631 3795 711 3898 jecta
745 3800 903 3887 ἐμέτρησε
931 3798 1058 3882 μέτρον
1092 3819 1284 3860 mensnram

219 3887 388 3963 bominis,
409 3886 500 3976 quod
519 3884 612 3950 idem
630 3895 682 3949 ost
700 3893 804 3972 atque
815 3883 938 3972 angeli
950 3885 1099 3946 ulnarum
1108 3904 1283 3972 mensuram

132 4017 135 4026 ’
247 4017 291 4097 ’1)
311 4037 342 4078 ut
357 4025 539 4094 aedificiorum
557 4023 724 4096 singolorum
741 4022 915 4076 altitudinem
929 4022 1071 4091 aequalem
1085 4025 1175 4073 visam
1188 4019 1280 4080 funem

225 4119 230 4130 ·
292 4097 482 4169 vel'montinm
499 4097 576 4148 urbis
595 4097 769 4148 altitudinem
785 4095 934 4163 a·plarritie
953 4113 979 4146 v.
998 4101 1041 4154 10.
1061 4091 1174 4144 definiri
1190 4103 1279 4160 putau-

289 4167 351 4220 dam
362 4185 431 4233 erse,
450 4181 481 4222 ut
496 4164 690 4246 ioluithtst·
709 4179 737 4220 et
754 4163 834 4220 Storr
851 4171 881 4220 in
892 4181 992 4222 eorum.
1010 4164 1102 4220 theob·
1112 4163 1216 4234 ΜΡ.
1224 4167 1278 4224 357.
