2774 4688
80 329 83 336 ’
133 413 148 443 ψ,
218 332 295 413 res
345 329 388 400 11.
414 325 589 400 varona
617 325 731 408 1111.
758 303 851 406 oss1.
880 323 1049 420 01119,
1076 333 1191 408 3-7,

127 549 130 560 =
219 517 341 580 crirheu
364 473 431 611 jam
450 514 538 576 ultus
554 501 609 575 'est
629 511 723 588 deus‘,
745 507 907 594 ἐξεδίκησε
924 502 964 576 τὸ
984 507 1165 600 elque-te
1187 500 1309 602 χειρός
1368 496 1369 507 ¹

219 615 341 702 odorio,
364 641 443 708 quae
461 611 609 714 junctura
630 619 766 680 hebraea
788 611 858 698 'tm‘
876 625 924 711 u]
947 607 1045 710 111ῑῖ,
1072 625 1137 702 ndi
1165 613 1262 682 Gen.
1276 624 1309 692 9,

109 767 113 774 ,
199 719 251 778 ,5.
272 705 392 782 11133,
415 714 445 775 6.
466 709 530 769 hoc
552 703 615 766 sibi
636 705 725 766 vult:
748 727 887 790 poenam
906 707 1072 790 sanguinis
1090 699 1227 793 profusi
1247 723 1308 764 re-

219 805 329 944 petere
351 796 388 854 ab
411 815 467 870 eo,
491 784 581 885 cujus
602 811 715 852 manus
736 791 864 854 caedem
884 794 1095 880 perpetravit.
1116 825 1161 837 -
1193 786 1248 850 V.
1274 795 1309 858 3.

237 878 406 974 nterjecta,
427 889 463 942 ut
482 897 555 940 mos
577 877 680 938 estin
702 878 844 955 canticis,
865 879 957 940 brevi
977 899 1075 964 pausa
1096 875 1199 938 iidem
1220 895 1311 936 coe·
1372 919 1373 938 .

219 965 295 1029 lites
316 965 531 1027 laudationem
552 963 635 1024 hanc
656 973 807 1048 repetunt
829 962 1027 1052 adduntque,
1049 964 1136 1025 urbis
1160 981 1311 1024 eversae

218 1051 365 1140 poenam
381 1051 417 1112 in
437 1059 627 1136 perpetuum
655 1067 839 1112 mansuram
870 1069 951 1112 esse.
1000 1045 1104 1128 Igitur
1130 1049 1312 1131 sententia

201 1153 278 1229 'per
307 1137 362 1204 καὶ
386 1137 534 1221 copulata
560 1129 675 1196 uersus
704 1143 735 1202 2·
763 1135 823 1197 fini
851 1135 1034 1197 arctissime
1062 1155 1189 1196 annexa
1219 1153 1312 1196 sen-

218 1223 416 1307 tentiamque
436 1221 584 1282 ultimam
599 1220 786 1283 coritiuuare
805 1219 972 1300 cogitanda
986 1229 1046 1282 est.
1088 1217 1213 1282 Fumus
1234 1217 1312 1280 Ur-

220 1311 269 1372 bis
287 1310 343 1398 qui
366 1311 402 1386 in
423 1315 614 1394 perpetuum
635 1303 824 1370 adscendere
858 1305 975 1369 dicitur
1003 1325 1045 1368 ex
1074 1307 1164 1368 urbis
1193 1304 1311 1366 modo

186 1453 190 1460 ,
220 1406 356 1458 evervae
378 1394 589 1478 incensasque
610 1391 751 1472 imagine
774 1402 824 1468 18,
846 1400 877 1470 9.
899 1403 943 1462 13
975 1391 1014 1454 ad
1045 1385 1161 1455 Orcum
1181 1389 1313 1452 tradu-

220 1493 289 1560 ctus
311 1477 417 1541 videri
438 1479 560 1564 possit,
592 1476 630 1538 ad
659 1497 754 1564 quem
782 1488 889 1540 ratem
920 1477 976 1538 hic
1001 1479 1184 1561 respexisse
1206 1477 1311 1538 locus

128 1585 131 1592 ’
218 1567 406 1628 simillimus
430 1569 479 1640 14,
503 1575 542 1634 11
564 1563 734 1625 monstrat.
776 1561 838 1626 Sed
858 1585 929 1626 cum
949 1563 1029 1625 haec
1049 1566 1156 1646 imago
1179 1562 1311 1624 admo-

219 1652 295 1714 dum
317 1653 491 1730 incongrua
513 1651 574 1726 sit,
603 1659 710 1710 vatem
738 1648 838 1711 missa
866 1669 1001 1734 prorsus
1030 1669 1056 1710 c.
1082 1659 1132 1718 18.
1150 1649 1308 1730 imagine

153 1783 155 1790 ι
202 1733 274 1801 hic
296 1737 335 1800 ad
356 1733 472 1798 Orcum
496 1747 621 1798 tantum
642 1739 692 1810 14,
716 1745 766 1806 11.
787 1735 969 1820 respexisse
990 1755 1049 1796 nec
1070 1727 1209 1810 Urbem,
1243 1735 1306 1798 sed

128 1820 131 1834 ’
220 1819 409 1897 foeminam
431 1843 464 1883 v.
485 1824 516 1892 2.
546 1818 601 1882 hic
631 1817 810 1884 describere
838 1821 976 1882 aliorum
997 1821 1097 1882 instar
1119 1821 1306 1885 hominum

10 1909 16 1944 ”
123 1937 127 1956 =
219 1905 257 1971 in
280 1905 361 1970 Orco
383 1905 579 2012 puniendam
601 1916 712 1994 putare
731 1917 882 1992 praestat.
923 1905 1033 1992 Neque
1051 1905 1209 1998 adjectum
1227 1926 1304 1970 esse

220 1993 280 2079 τῆς
302 2017 472 2080 πυρωσεως
495 2002 545 2068 18,
566 2001 597 2064 9.
620 2001 670 2061 18.
691 1989 904 2076 reputandum
924 2003 984 2057 est.
1005 2025 1049 2038 -
1077 1991 1122 2052 V.
1142 1998 1176 2062 4.
1205 1989 1305 2054 Lau-

219 2077 383 2142 dationem
415 2080 498 2139 hauc
530 2079 698 2141 solennem
727 2077 823 2160 digne
852 2077 985 2140 coelites
1007 2077 1126 2140 summi
1149 2088 1187 2138 ut
1210 2081 1306 2142 coeli.

218 2141 399 2228 sacdrdotes
417 2165 554 2227 maximi
575 2163 763 2225 adoratione
782 2163 935 2248 brevique
953 2163 1084 2248 eloquio
1100 2165 1303 2228 confirmant

218 2251 417 2338 finiuntque,
442 2271 521 2336 quae
542 2249 653 2311 eadem
674 2249 763 2311 fictio
783 2251 923 2334 cernitur
944 2259 975 2323 5,
1000 2255 1051 2318 14.
1074 2258 1103 2324 7,
1128 2261 1179 2320 11.
1214 2247 1301 2336 (mi-

218 2359 279 2402 nus
301 2338 363 2398 huc
384 2339 525 2424 pertinet
548 2347 598 2410 11,
622 2337 687 2414 16).
737 2331 803 2422 Ter
830 2335 931 2415 igitur
959 2329 1152 2426 hallelujah·
1167 2339 1300 2420 repeti-

160 2481 163 2484 .
218 2435 288 2499 tur,
308 2421 342 2485 id
366 2421 452 2509 quod
473 2419 629 2483 consulto.
643 2415 761 2481 lactum
782 2437 852 2482 esse
873 2431 949 2504 post
974 2429 1025 2480 tot
1044 2421 1172 2482 numeri
1194 2421 1299 2504 hujus

220 2509 324 2573 sancti
344 2508 465 2570 indicia
485 2527 582 2594 supra
603 2507 759 2594 explicita
779 2505 840 2568 vix
862 2517 911 2567 est
931 2495 1016 2592 quod
1035 2527 1243 2569 moneamus.
1376 2571 1377 2582 ,

259 2655 297 2734 9.)
317 2673 351 2716 r.
372 2658 468 2723 5-8.
491 2649 553 2716 Sed
574 2671 660 2714 nova
681 2650 785 2738 incipi
805 2661 915 2738 potest
934 2649 1097 2728 laudati03
1119 2650 1231 2714 'novus
1246 2652 1298 2715 is-

239 2761 280 2803 ue
301 2741 435 2800 ultimus
456 2747 489 2800 et
509 2737 669 2805 maximus
697 2737 797 2800 instat
825 2739 927 2800 bonae
956 2757 1065 2800 causae
1093 2739 1295 2823 triumphus.

253 2825 393 2912 dquern
419 2825 621 2910 triumphum
652 2823 874 2891 celebrandum
901 2823 1014 2884 divina
1040 2843 1108 2886 vox
1134 2837 1296 2909 provocat

131 2917 133 2925 “
219 2912 370 2988 coelites,
392 2911 447 2996 qui
466 2932 542 2972 eum
561 2911 682 2972 instare
711 2912 790 2972 bene
816 2902 882 3004 jam
909 2919 1056 2972 tenentes
1083 2920 1116 2971 et
1146 2921 1191 2971 ex
1215 2911 1293 2995 ipso

91 3037 98 3054 .
126 3073 128 3078 Α
218 2999 371 3084 loquente
391 2993 694 3059 concludentes‘nec
714 2997 781 3058 nisi
801 2995 1020 3056 hortationem
1041 2987 1126 3058 lianc
1147 2993 1294 3058 llIessiae

131 3127 136 3138 ι
202 3081 452 3170 ‘praestolantes
473 3083 527 3144 vel
547 3082 695 3166 pleniore
715 3091 870 3142 concentu
891 3081 927 3142 in
954 3077 1151 3143 laetissimos
1181 3101 1294 3144 erum-

216 3180 299 3255 punt
319 3169 492 3246 clamores,
525 3161 592 3262 jam
614 3165 765 3230 illessiam
786 3186 921 3247 regnum
943 3165 1084 3228 coeleste
1115 3165 1294 3228 inchoatu-

216 3275 289 3320 rum
310 3273 381 3316 curn
402 3265 494 3316 coetu
515 3253 644 3338 piorum
666 3264 774 3315 sancto
795 3252 924 3314 unitum
945 3251 988 3312 iri
1009 3251 1224 3332 gratulantes,
1256 3251 1293 3316 id

160 3351 162 3360 '
218 3339 305 3424 quod
334 3339 441 3400 statim
469 3339 542 3402 fieri
569 3339 709 3418 irnagine
736 3327 857 3429 adjecta
884 3331 1096 3401 adumbratur.
1116 3362 1160 3383 -·-
1187 3335 1235 3399 V.
1258 3348 1290 3408 5.

217 3423 299 3488 Vox
320 3424 398 3502 haec
417 3424 566 3486 coelestis
590 3445 607 3486 e
629 3425 749 3506 throno
771 3423 884 3486 divino
899 3441 1069 3508 progressa
1087 3421 1175 3484 haud
1193 3422 1291 3488 dubie

218 3507 369 3584 Messiae
387 3519 435 3572 est
455 3509 639 3590 cogitanda,
669 3521 706 3570 ut
727 3516 776 3586 16,
798 3520 826 3578 1.
849 3519 899 3584 18,
919 3512 941 3578 4
967 3510 1023 3570 ubi
1045 3529 1078 3570 v.
1098 3519 1187 3582 ηοω
1221 3529 1292 3572 an-

213 3591 290 3678 geli
310 3597 397 3658 enim
420 3615 593 3674 uocemue
614 3595 669 3656 hic
692 3595 1047 3685 quaeraruus,¹partim
1067 3593 1140 3678 ,ipse
1162 3595 1291 3656 oratio-

215 3681 269 3744 nis
289 3681 379 3742 color
399 3692 558 3744 monstrat
578 3681 697 3766 partim
717 3679 914 3744 hortationis
946 3679 984 3742 ad
1006 3699 1118 3742 onmes
1146 3679 1291 3741 coelico-

188 3764 265 3826 ·las
294 3786 466 3828 conversae
492 3759 652 3860 majestas.
704 3763 909 3828 Hortutionis
942 3763 980 3827 ad
1009 3765 1104 3829 deum
1123 3764 1291 3827 celebran-

218 3848 294 3915 dum
316 3846 419 3914 forma
440 3853 518 3914 haec
541 3854 664 3917 αἰνεῑτε
684 3843 746 3917 τὸν
765 3843 852 3918 θεὸν
873 3837 969 3935 ἡμῶν
989 3849 1126 3914 Psalmis
1150 3852 1290 3912 seriori-

217 3937 276 4006 bus
297 3936 347 4014 (ut
369 3941 440 4012 134,
464 3934 496 4023 1)
515 3931 677 4022 frequens.
718 3961 789 4020 μικ.
822 3960 878 4002 και
902 3959 979 4021 gesy.
1005 3938 1145 4002 'coelites
1176 3937 1289 3998 ruino-

193 4088 198 4100 ι
216 4035 284 4096 res,
305 4033 342 4082 ut
363 4023 488 4102 augeli,
508 4026 609 4100 beati,
632 4033 663 4084 et
684 4017 840 4116 majores,
859 4031 895 4082 ut
917 4022 1117 4102 archangeli,
1151 4023 1290 4106 presby-

216 4106 287 4180 teri,
308 4109 531 4192 1111111111.-
562 4107 607 4170 V.
624 4115 655 4175 a.
677 4118 708 4176 7·
738 4105 953 4175 Gaudentium
980 4129 1064 4170 nunc
1095 4108 1289 4188 gratulanti-

217 4213 332 4276 umque
353 4205 428 4278 post
449 4194 547 4256 talem
568 4194 787 4268 hortationem
813 4194 915 4255 multo
944 4188 1100 4287 majorem
1126 4193 1200 4257 ess'e
1216 4194 1287 4280 *cla-
