2774 4688
262 331 364 432 300-
410 319 454 400 11.
480 316 655 402 Visiones.
695 318 756 390 tlt
775 331 808 398 2·
834 317 874 388 Q
894 327 929 398 3.
956 318 1045 412 cap.
1064 326 1125 405 20,
1149 327 1188 398 4.

263 502 375 566 videas
393 502 453 565 -hie
472 511 593 585 recens,¹
609 499 679 567 fene
710 503 747 568 in
776 505 858 566 haur
884 523 991 566 rerum
1019 499 1203 566 suturarum
1225 497 1341 564 seriem

262 589 378 650 inseri.
420 589 499 652 llam
520 601 615 652 vates·
630 592 761 651 brevius
780 600 905 656 tantum
932 601 966 651 et
992 581 1182 652 festinanter
1205 599 1341 666 regnum

263 675 328 736 hoc
349 673 491 738 milliare
511 678 633 755 tangit,
654 677 881 760 beatorumque
903 675 1044 759 praemia
1063 678 1104 746 in
1122 695 1268 753 regnum
1281 672 1340 744 ,de-

263 780 354 824 mum
369 761 481 824 rnundi
496 764 578 824 novi
597 763 737 824 coeleste
748 762 860 824 sedulo
872 761 1011 822 cumulat
1026 759 1135 822 omnia
1153 771 1210 833 21,
1230 768 1342 833 1—-22,

264 855 304 920 53
317 845 506 932 ,tardarique
528 857 669 931 paratam
692 840 757 942 jam
779 849 844 932 piis
867 847 1001 906 salutem
1014 867 1170 906 summam
1187 846 1231 906 in
1244 865 1340 922 regno

246 931 413 1006 'caelestiv,
437 954 482 995 ex.
501 943 549 1008 19,
570 943 592 1002 7
612 933 666 996 cll.
684 945 736 1007 at,
757 945 776 1004 2
799 929 980 994 concludas.
1021 931 1254 992 bibilominus
1278 931 1342 988 sive

264 1018 439 1080 cormuenli
459 1009 558 1114 hujus
589 1019 749 1097 originem
776 1019 850 1080 sire
876 1019 1032 1101 picturam
1058 1018 1115 1076 hie
1141 1015 1341 1078 delineatam

263 1101 425 1188 finemque
446 1105 554 1188 operis
577 1125 740 1166 eumanum
760 1114 902 1188 spectes,
935 1103 1023 1165 nihil
1051 1099 1213 1188 estquod
1237 1110 1356 1160 vatem

264 1185 306 1248 id'
321 1187 359 1256 ad
381 1209 450 1250 rem
468 1189 676 1252 christianam
692 1186 878 1252 traduxisse
897 1207 989 1266 aegra
1011 1185 1105 1250 feras.
1157 1185 1246 1248 itam
1271 1205 1339 1268 spes

265 1272 345 1348 haec
364 1295 406 1336 ex
425 1273 554 1349 eodem,
579 1275 665 1336 undo
695 1277 801 1338 omnis
827 1273 868 1336 de
888 1277 982 1370 rebus
1003 1273 1057 1334 his
1079 1269 1220 1347 futuris,
1252 1263 1356 1330 fonte*

184 1429 187 1446 ἱ
264 1361 429 1434 ruarm‘vit,
457 1361 651 1439 imaginibus
673 1361 817 1436 scilicet,
845 1381 903 1446 spe
923 1361 1033 1445 piaet
1053 1359 1141 1419 votis
1160 1357 1338 1440 conceptis,

197 1461 199 1469 ’
223 1485 231 1508 .
264 1445 435 1590 paullatim
455 1445 491 1506 in
512 1465 580 1508 rem
601 1447 691 1532 quasi
711 1442 827 1510 factam
849 1457 998 1531 certoque
1018 1455 1210 1508 eventuram
1234 1452 1338 1502 trans·

280 1531 352 1592 atis.
396 1527 578 1614 Sperando
598 1543 632 1594 et
652 1553 671 1592 e
692 1551 757 1616 epe
765 1531 918 1618 rotisque
938 1532 1006 1616 piis
1015 1529 1128 1593 hausta
1145 1549 1210 1590 nos
1222 1527 1338 1606 legere,

211 1649 214 1666 ·
264 1635 335 1682 non
358 1627 448 1678 carto
473 1613 573 1676 adeo
595 1617 785 1694 constituta,
814 1616 985 1680 tenendum
1011 1628 1074 1678 est.
1122 1613 1163 1676 Et
1193 1613 1227 1674 si
1248 1614 1335 1691 regni

190 1697 192 1715 '
265 1698 404 1790 denique
437 1699 587 1762 coelestis
619 1703 775 1782 imagines
806 1704 932 1766 miseris
959 1701 1104 1764 solandis
1124 1700 1337 1782 manibusque

265 1783 305 1846 ad
327 1785 521 1869 probitatem
541 1785 699 1876 fidemque
721 1788 913 1870 instigandis
935 1789 1134 1862 inserviunt,
1188 1783 1285 1845 uidni
1305 1794 1333 1843 et

262 1871 517 1946 haecminoris,
539 1893 621 1956 quae
640 1875 823 1958 praecedet,
846 1869 1011 1936 felicitatis
1036 1875 1111 1958 pios
1143 1807 1238 1932 silos
1268 1889 1356 1946 ma-¹

263 1955 373 2020 nentis
410 1955 607 2043 descriptio?
646 1959 808 2022 Nimirum
837 1969 910 2044 apte
942 1959 1005 2020 hor
1035 1953 1169 2036 reguum
1199 1953 1331 2017 Messias

264 2051 415 2104 terrestre
437 2042 475 2104 ad
497 2044 663 2120 coelestis,
697 2045 734 2106 in
754 2063 818 2132 quo
837 2047 923 2107 salus
950 2041 1144 2130 beatitasque
1170 2053 1207 2102 et
1235 2035 1330 2136 major

264 2138 314 2189 est
336 2127 456 2188 inundo
479 2149 611 2212 prorsus
642 2151 731 2192 novo
762 2134 933 2218 omnisque
959 2127 1044 2218 quod
1075 2139 1176 2189 terrae
1206 2137 1328 2188 nostrae

265 2231 393 2297 semper
416 2207 566 2276 adhaeret
590 2217 667 2278 vitii
685 2229 819 2302 experte
848 2227 953 2282 creato
980 2211 1103 2300 deoque
1132 2211 1236 2275 etiam
1267 2231 1328 2272 rum

228 2363 233 2370 ,
263 2297 385 2362 lllessia
406 2312 588 2384 praesente,
609 2313 642 2364 et
662 2323 825 2388 nunquam
845 2303 1000 2371 interram
1025 2297 1105 2361 enda
1125 2297 1243 2382 impiis
1265 2317 1328 2356 om-

264 2385 363 2446 nibus
371 2383 404 2444 in
414 2397 605 2469 perpeth
617 2390 757 2450 remotis
767 2379 986 2474 secretisque,
995 2322 1071 2472 ἇωῆ
1082 2375 1232 2457 αἰώνιος)
1246 2380 1325 2460 regni

264 2467 378 2548 gaudia
403 2483 571 2556 praeparat
590 2474 797 2550 sublimiora,
828 2485 865 2537 ut
895 2473 1014 2536 sensim
1043 2471 1152 2532 omnia
1179 2478 1326 2548 augentur

192 2549 193 2557 ’
265 2565 483 2639 creseuntque.
507 2561 511 2572 '
533 2553 682 2644 Aptaque
704 2556 850 2646 profecto
883 2579 957 2645 spes
984 2557 1027 2619 de
1053 2557 1202 2636 gentibus
1234 2565 1323 2616 terrae

264 2635 410 2714 dissitis,
443 2661 521 2702 are
537 2641 713 2706 christiana
733 2646 864 2722 alienis,
895 2643 1085 2730 tandemque
1117 2635 1239 2726 frustra
1265 2658 1323 2700 eam

253 2719 466 2786 ‘irrf'estaturis
486 2721 607 2825 adjecta
628 2741 699 2804 est3
725 2753 801 2793 nam
818 2731 874 2792 his
894 2729 1022 2792 demum
1042 2727 1166 2789 ultimis
1183 2725 1322 2788 hostibus

262 2811 398 2872 remotis
421 2811 506 2874 salus
526 2815 661 2876 emicare
681 2827 789 2902 potest
809 2837 932 2878 surmus
960 2811 1178 2912 judiciumque
1207 2807 1322 2872 institui

264 2894 305 2957 de
324 2896 484 2960 omuibus.
525 2894 619 2965 Adde
641 2901 727 2986 quod
751 2923 862 2964 omnes
875 2905 1007 2964 omnino
1025 2920 1131 2961 rerum
1151 2893 1320 2958 futurarum

244 2981 424 3060 imagines
458 2981 524 3066 piis
556 2987 707 3046 solatium
739 2991 925 3072 praebentes
954 2987 991 3048 in
1021 2986 1218 3072 picturarum
1252 2979 1321 3043 serie

263 3065 362 3145 longa
382 3067 540 3146 cumulare
561 3071 638 3130 libri
659 3066 756 3165 hujus
779 3075 855 3136 finis
877 3067 1007 3135 ferebat.
1049 3067 1113 3131 Nec
1134 3066 1219 3128 illud
1238 3083 1322 3152 prae-

263 3149 470 3235 tereundum,
501 3173 634 3234 regnum
654 3157 718 3216 lroe
739 3156 1003 3221 Christianorum
1026 3160 1175 3218 terrestre
1208 3151 1320 3233 egregie
1355 3163 1356 3174 ¹

162 3279 163 3288 ¹
210 3262 213 3270 ·
264 3257 384 3316 regno,
405 3235 490 3322 quod
510 3239 587 3302 libri
609 3242 723 3325 scripti
743 3255 1061 3329 tempore'terrarum
1081 3237 1221 3322 imperio
1243 3236 1321 3322 poti-

265 3333 335 3415 tum
357 3319 561 3410 Christianos
583 3329 737 3403 vexabat,
771 3328 918 3392 lt'omano
945 3323 1085 3413 opponi.¹
1128 3322 1243 3386 Nonne
1262 3323 1319 3404 ipsa

237 3407 390 3502 'justitia
412 3419 447 3468 ut
468 3407 618 3474 Rornano
639 3414 777 3498 imperio
801 3412 900 3476 fracto
924 3412 1181 3476 Christianorum
1201 3425 1319 3486 regnum

264 3503 413 3578 sequatur
434 3497 598 3577 postulare
626 3498 777 3562 videtur?
805 3511 838 3562 et
867 3522 959 3586 quam
989 3502 1094 3560 breve
1118 3495 1269 3556 saevitiae
1291 3490 1319 3548 in
1355 3537 1356 3542 1

160 3599 162 3609 ’
265 3574 469 3640 Christianos
492 3583 739 3670 vexationisque
761 3597 888 3671 tempus
909 3585 1055 3646 Romano
1087 3581 1226 3666 imperio
1254 3595 1318 3636 con·
1355 3589 1356 3592 ’

264 3680 389 3724 rossum
411 3674 461 3724 est
482 3667 548 3742 (13,
570 3673 621 3742 5),
644 3671 674 3730 si
694 3692 770 3742 rum
786 3692 885 3752 regno
907 3671 969 3732 hoc
989 3666 1145 3731 milliario
1169 3679 1319 3748 compare·

264 3749 335 3809 tur!
370 3747 463 3810 Haud
496 3751 626 3835 quidem
655 3755 834 3836 negandum
862 3768 927 3832 est,
956 3743 1047 3834 regni
1075 3752 1169 3834 hujus
1199 3749 1317 3812 Messiae

264 3835 428 3895 terrestris
450 3836 608 3917 imagines
629 3832 756 3904 facilius
771 3843 814 3904 'ab
835 3838 1023 3904 hominibus
1044 3841 1208 3920 terrestria
1237 3853 1316 3896 aucu-

264 3920 417 4004 pantibus
439 3922 524 3984 male
546 3922 689 4006 intelligi
710 3939 743 3990 et
758 3927 879 3991 lascive
890 3924 1044 3990 exornari
1058 3920 1229 4012 posse,'id
1248 3912 1315 4004 qu⁰d

303 4140 305 4148 .
335 4087 426 4145 teor.
444 4093 491 4160 15,
509 4095 555 4168 22·
572 4097 616 4151 23.
644 4090 899 4156 Luc.1rt,1tt·15.
926 4093 1092 4156 1Thess.lt,
1111 4073 1313 4150 ‘16-hoosolum

335 4165 475 4228 sequitur,
501 4177 561 4253 pros
578 4167 609 4216 in
626 4164 731 4234 judicio
751 4171 881 4220 anirerso
899 4179 961 4221 aute
979 4167 1081 4234 impios
1099 4164 1261 4218 resuscitari.

1077 4466 1079 4474 ι
1223 4447 1230 4478 l
